4478 6350
805 541 853 596 DE
872 539 1089 598 AGONlZdN'l'·
1107 543 1324 602 JUllrlblEiiTO
1723 556 1776 606 252

267 639 340 702 hert,
358 655 420 694 eum
439 635 537 692 exinde
554 633 622 709 quod
642 636 771 705 jureium,
788 635 879 690 bledo
894 655 945 690 nou
961 654 1036 708 prue-
1084 647 1189 690 ceolum
1205 639 1233 691 in
1253 637 1381 694 debiloris
1394 641 1560 696 commodum
1574 642 1735 709 sedunensis
1747 661 1847 706 eontra.

267 724 407 794 judicetur.
427 721 605 790 thersiten.
623 722 760 794 Crlslopb·
780 721 897 792 Philipp.
919 722 1030 776 lliehter
1087 723 1129 775 De
1152 725 1236 791 iureis
1257 733 1344 778 temen
1371 725 1420 778 hoe
1444 727 1554 781 dubium
1577 727 1704 800 praebere
1735 747 1845 804 posset,

268 810 307 864 ud
324 812 409 862 ΑιιιΙι.
428 809 540 862 obtinet.
563 809 594 861 C.
611 808 645 861 de
663 807 779 860 Probat.
799 825 828 858 ιι.
850 816 890 858 ιι.
905 806 933 858 ld
949 816 1036 860 lumen
1085 809 1154 877 quod
1173 826 1251 879 supra
1268 808 1370 861 dierum
1388 811 1567 878 jurameutum
1584 815 1678 868 enixae
1703 817 1847 876 voluntatis

269 899 307 950 ῃ,
325 894 461 967 procedit,
483 894 505 948 si
522 893 628 963 proprio
647 899 721 943 tuolu
745 889 872 959 jursseril
897 890 1035 943 moribun-
1087 891 1216 946 indicium
1234 909 1305 956 esse,
1325 892 1438 963 indeque
1457 911 1509 948 nou
1535 895 1661 964 dubium,
1687 903 1846 958 morientem

270 980 337 1044 dus,
361 997 412 1032 nou
436 977 458 1032 si
487 997 499 1030 ι
520 974 653 1030 oredilore
677 972 731 1046 ipsi
754 974 934 1041 jurameutum
956 969 1037 1024 luerit
1085 977 1171 1044 jurato
1190 995 1276 1030 verum
1297 980 1460 1050 expressisse
1478 977 1562 1032 debili
1582 999 1722 1038 summum.
1740 989 1797 1042 lloc
1812 999 1848 1042 tu·

269 1062 552 1126 delalu1u31uleessim
571 1061 751 1128 juramentum
770 1057 848 1111 hebet
867 1057 920 1108 viru
934 1067 1036 1108 lruosu·
1085 1079 1146 1112 men
1166 1078 1218 1113 non
1235 1061 1359 1114 obstante
1375 1061 1488 1132 perinde
1504 1062 1635 1133 dicimus,
1656 1068 1722 1121 bane
1742 1071 1845 1127 useles-

268 1149 381 1213 etiouis,
413 1147 478 1200 adeo
496 1154 526 1198 ut
542 1161 577 1198 ne
593 1142 699 1216 quidem
719 1161 767 1214 per
789 1159 853 1198 nova
872 1141 1034 1196 instrumen-
1084 1143 1201 1209 sionem,
1220 1145 1283 1199 licet
1301 1147 1433 1213 juratum,
1452 1147 1566 1202 debitori
1587 1167 1639 1204 nou
1664 1151 1776 1219 obesse,
1800 1157 1847 1210 sed

271 1241 297 1284 ιι
318 1231 403 1302 possit
422 1229 508 1300 detegi
527 1229 676 1300 periurium
694 1231 728 1283 L.
748 1225 917 1283 αιιιιιοιιιιιιὶιΙ
941 1237 982 1278 ιι.
992 1221 1034 1292 ff.
1085 1229 1208 1300 prodesse
1228 1240 1340 1285 tantum.
1360 1231 1437 1302 Quod
1456 1249 1509 1286 uon
1528 1232 1601 1286 obsit
1619 1251 1651 1288 ex
1670 1239 1791 1309 superius
1803 1243 1848 1294 sd-

271 1316 297 1368 δ.
312 1315 428 1385 jurejur.
447 1314 634 1368 Execlleoliss.
654 1311 708 1366 Du.
727 1313 760 1364 D.
780 1311 926 1365 Brunnem.
945 1313 1034 1380 Repe·
1083 1313 1170 1366 ductis
1189 1333 1234 1367 sus
1253 1316 1309 1368 luce
1326 1313 1433 1380 rediet,
1452 1323 1480 1368 et
1498 1317 1681 1386 jusjurandum
1708 1323 1844 1378 nemiuem

270 1399 310 1452 ste.
330 1397 451 1452 Paratit.
471 1399 606 1454 Wesenb.
624 1396 651 1449 d.
670 1407 689 1449 t.
708 1417 734 1468 p.
758 1407 797 1448 te.
816 1397 873 1448 lmo
892 1395 1034 1448 habetboe
1082 1397 1225 1450 wnslituit
1249 1397 1415 1463 debilorem‚
1441 1399 1464 1451 si
1487 1410 1564 1453 entes
1590 1421 1642 1457 uon
1665 1407 1717 1470 sit,
1744 1425 1792 1462 uec
1816 1411 1844 1462 in

268 1488 446 1554 lursnteuturu
465 1483 518 1536 sisu
537 1482 577 1535 rei
596 1481 742 1550 lutllcelses
766 1478 819 1532 Du.
844 1479 936 1551 cal'l'²·
957 1479 1032 1549 jufl'
1082 1481 1207 1549 ¹⁰³l⁰¹²¹¹¹
1226 1499 1374 1545 ’mmm’
1392 1500 1469 1552 qum
1488 1500 1576 1536 '‘le''
1595 1485 1702 1554 δώῃ
1727 1491 1846 1561 ⁰b¹iss⁸r⁰

267 1587 325 1638 ιρι.
343 1569 460 1621 Furens.
480 1571 560 1622 Part.
583 1578 604 1618 ι.
627 1569 719 1618 Const.
749 1576 789 1616 ιι.
811 1562 878 1626 Des.
907 1574 931 1614 ι.
955 1581 983 1614 ιι.
1008 1575 1032 1614 ι.
1079 1583 1157 1634 quem
1177 1575 1272 1636 potest.
1291 1566 1345 1618 Nee
1363 1573 1404 1618 esl
1422 1567 1599 1633 jurumentum
1619 1572 1714 1627 modus
1729 1575 1847 1646 obligau-

269 1665 295 1708 ,ι
314 1653 379 1724 Dgfi
399 1665 422 1705 t.
442 1655 469 1704 ιι.
491 1660 514 1704 ι.
533 1651 656 1706 Elector
676 1650 721 1702 tali
742 1667 802 1703 essu
821 1649 895 1718 quasi
908 1647 986 1715 judex
1000 1643 1034 1699 lit
1082 1647 1110 1698 di
1130 1649 1255 1709 alterum:
1275 1647 1320 1701 sed
1340 1649 1363 1700 si
1381 1649 1492 1704 omniuo
1508 1653 1596 1724 aliqua
1615 1654 1743 1727 obligatio
1761 1679 1792 1714 ex
1805 1665 1844 1730 iu·

339 541 388 592 251

265 1741 296 1793 in
317 1737 357 1792 sui
377 1737 464 1807 ipsius
476 1755 569 1799 οιιιιι,
583 1745 613 1788 ιιι
625 1735 741 1806 loquilur
754 1734 861 1804 l'lpisn.
875 1736 908 1786 L
926 1745 946 1785 t.
958 1732 1032 1802 prin.

255 1821 298 1894 ff
317 1838 396 1893 paor.
414 1837 466 1874 rer.
487 1830 540 1874 ort.
560 1838 618 1874 ιιοιι
636 1818 692 1872 dat.
711 1826 737 1870 et
756 1817 795 1870 sio
814 1817 904 1886 ulique
930 1817 1031 1887 praeju-

266 1905 370 1958 dicetur
388 1905 436 1958 boo
455 1906 604 1972 juramento
623 1909 676 1955 tem
696 1900 820 1966 haeredi,
841 1919 919 1971 qum
944 1899 1031 1952 credi-

265 1989 367 2044 toribus
384 1989 482 2041 llluttb.
498 1987 629 2059 Stephani
648 1988 674 2039 d.
695 1987 763 2040 Nos.
784 1995 826 2038 ιι.
847 2003 875 2038 ιι.
899 1996 938 2038 te.

299 2073 427 2142 Qossusis
445 2073 534 2142 itaque
553 2088 604 2124 uou
624 2069 787 2142 praejudicet
806 2066 940 2122 Creditori
959 2071 1029 2136 iore·

266 2167 291 2208 tu
311 2155 355 2206 illu
373 2154 501 2220 assertio,
522 2151 641 2225 proderit
667 2163 755 2208 tamen
779 2150 842 2221 ipsi.
868 2152 901 2204 Et
927 2151 990 2206 bine
1006 2153 1030 2206 si

264 2243 351 2311 jurato
384 2237 544 2294 coulilestur
570 2237 744 2292 moribundus
770 2251 798 2288 se
829 2236 903 2289 Titio
933 2235 1029 2290 debere

269 2339 325 2380 too.
344 2325 465 2396 quumvis
483 2325 558 2378 omui
577 2323 628 2376 elis
642 2322 799 2396 probatione
809 2320 970 2376 destituetur
982 2325 1030 2379 Ti.

265 2410 334 2475 tius,
352 2419 442 2482 petere
461 2419 546 2464 tumeo
566 2411 613 2462 ills
638 2418 745 2462 centum
771 2415 872 2478 potest,
898 2407 979 2459 etism
1005 2408 1029 2462 si

262 2493 453 2548 remussluerit
477 2502 634 2562 segrolnns,
658 2491 754 2545 Jolssn.
774 2489 912 2542 Gulierez.
924 2490 1030 2563 juram.

263 2579 397 2648 Corrfirm.
427 2580 465 2632 Ρ.
500 2588 522 2630 t.
551 2594 575 2630 e.
603 2585 644 2630 ιι.
671 2594 699 2629 ιι.
728 2585 768 2626 ιι.
792 2576 873 2628 etP·
892 2585 915 2626 2·
947 2595 970 2630 e.
1005 2588 1030 2628 ι.

260 2682 287 2714 ιι.
309 2672 332 2713 ι.
350 2661 386 2714 Et
403 2663 466 2716 bueo
484 2660 618 2716 eoulessio
636 2659 767 2713 debitoris
787 2658 922 2712 Creditosi
934 2659 1030 2730 proba.

261 2747 343 2799 tiouis
363 2746 421 2798 loeo
441 2755 496 2812 est,
516 2748 549 2799 L.
567 2761 627 2798 com
648 2743 709 2816 pois
734 2753 776 2796 ιι.
799 2737 823 2812 5.
847 2740 979 2796 codicillis
1004 2755 1029 2794 ι.

248 2831 289 2902 ff.
308 2831 333 2884 d.
352 2834 416 2900 leg.
437 2843 460 2883 ι.
480 2830 570 2882 Gloss.
590 2829 662 2883 verb.
688 2826 866 2881 declaratum.
894 2827 965 2878 Il'ov.
986 2835 1029 2879 ts.

259 2917 311 2967 llu.
337 2915 457 2968 llielsler.
480 2915 519 2969 od
538 2915 563 2967 d·
590 2913 678 2967 Arist.
706 2929 734 2964 ιι.
764 2921 804 2964 ιι.
831 2911 891 2962 Ηοο
911 2910 1031 2965 enimet

1080 1739 1200 1782 ermento
1217 1731 1322 1793 orilur,
1346 1747 1375 1783 es
1400 1732 1545 1804 obstringil
1560 1737 1647 1808 ipsusu
1656 1741 1787 1810 jur-sutem
1799 1759 1846 1803 eut

1080 1813 1136 1882 ejus
1155 1814 1293 1880 haeredes,
1313 1833 1366 1870 nou
1383 1819 1479 1884 elium,
1499 1822 1544 1890 qui
1565 1841 1618 1878 nou
1635 1827 1746 1895 jurarit,
1760 1851 1845 1905 nepue

1081 1897 1160 1950 sliler
1177 1900 1310 1952 rosslrsxit
1327 1919 1386 1954 euru
1408 1920 1440 1956 eo
1457 1905 1503 1974 qui
1519 1908 1625 1976 juravit.
1649 1910 1761 1966 conrad.
1781 1919 1844 1974 liit-

1081 1982 1162 2034 let·sls.
1182 1981 1220 2034 ud
1231 1985 1303 2036 Nou.
1319 1993 1480 2056 impoti-e·
1495 2000 1519 2040 t·
1543 2009 1572 2042 ιι.
1598 2003 1622 2044 t·
1645 1995 1736 2048 Jacob.
1756 1999 1844 2069 Cujus.

1080 2070 1120 2123 od
1135 2071 1245 2122 Il'ovell.
1262 2080 1303 2123 ts.
1320 2071 1349 2125 irs
1360 2071 1419 2142 fin.
1439 2073 1537 2128 lllsttb.
1557 2077 1650 2150 Stepls.
1669 2081 1709 2134 ad
1724 2085 1751 2138 d.
1769 2087 1844 2141 Il'ov.

1080 2172 1108 2203 ιι.
1130 2164 1171 2204 ιι.
1191 2152 1304 2206 Prodest
1323 2163 1409 2208 tamen
1430 2157 1475 2209 ills
1499 2159 1583 2225 jurate
1598 2165 1709 2220 assertio
1727 2165 1844 2224 debitori
1861 2211 1864 2218 .

1080 2235 1133 2299 ite,
1151 2244 1180 2287 ut
1198 2236 1245 2288 ille
1263 2239 1295 2290 sd
1318 2239 1443 2306 majorem
1468 2257 1598 2297 semorum
1618 2265 1671 2299 non
1689 2227 1858 2322 obligetur,⁸

1077 2337 1156 2388 qussu
1182 2320 1299 2372 moriens
1323 2324 1479 2378 durusne-ulo
1502 2331 1652 2398 expressit,
1676 2338 1745 2404 quod
1770 2341 1845 2392 euius

1079 2401 1199 2467 excedit,
1218 2403 1325 2459 viderur
1343 2407 1455 2477 legatum
1475 2427 1545 2476 esse,
1567 2416 1604 2466 uti
1624 2433 1680 2490 sep.
1698 2439 1759 2490 cup.
1772 2424 1842 2478 dice·

1082 2495 1138 2538 tur:
1158 2487 1256 2540 llletlb.
1276 2491 1404 2562 Slepbeu·
1422 2492 1448 2547 d.
1467 2493 1485 2546 i.
1504 2513 1532 2548 ιι.
1555 2509 1594 2548 ιι.
1614 2499 1726 2556 Conrad.
1741 2508 1862 2562 Βίων--

1079 2570 1153 2624 sbus·
1171 2572 1196 2624 d·
1207 2589 1235 2642 p·
1258 2583 1281 2625 ι.
1300 2591 1360 2644 cop.
1380 2587 1404 2627 ι.
1423 2596 1452 2630 ιι.
1472 2589 1496 2632 ι.
1520 2582 1590 2652 quod
1617 2587 1755 2655 procedit,
1780 2593 1844 2646 liert

1078 2653 1240 2724 simpliciter
1270 2655 1413 2723 juraverit,
1444 2663 1547 2716 Titium
1572 2665 1625 2718 sibi
1654 2669 1750 2724 debere
1785 2689 1842 2730 too.

1076 2738 1197 2810 quumvis
1225 2739 1325 2792 omissa
1350 2743 1387 2795 sit
1406 2745 1534 2814 perticuli
1554 2752 1668 2804 usxstivs
1688 2753 1843 2824 duusraxrl,

1077 2821 1118 2870 vel
1132 2828 1245 2872 trulum.
1258 2823 1354 2875 Jobsn.
1368 2825 1517 2882 Gutlierez.
1530 2831 1563 2884 de
1577 2835 1689 2887 lurum.
1708 2839 1842 2908 Constros.

1078 2905 1158 2958 Part·
1190 2915 1214 2954 t·
1244 2921 1301 2974 cop.
1320 2905 1353 2976 s.
1383 2927 1411 2960 ιι.
1436 2921 1460 2961 1·
1482 2913 1534 2965 nn.
1556 2916 1587 2967 1).
1607 2919 1669 2971 tob.
1691 2919 1840 2977 Bruuueus.

258 2997 392 3053 ouolessio
410 2997 494 3052 debiti
515 2999 630 3067 injurato
648 3004 753 3067 potest,
772 3003 803 3048 ut
819 3010 876 3066 seq.
899 3013 957 3065 cop.
971 2994 1029 3066 plu.
1077 2987 1231 3040 commem.
1244 2989 1319 3044 Cod.
1331 2991 1368 3044 od
1377 2994 1411 3044 L.
1425 2995 1560 3050 Ilotiortes
1577 3002 1608 3052 C.
1618 3002 1644 3055 d.
1657 3005 1743 3056 Proh.
1758 3005 1791 3059 Et
1802 3021 1843 3062 est

258 3083 333 3136 ribus
352 3082 470 3148 dicetur,
490 3099 543 3134 non
561 3082 645 3144 igilur
665 3081 775 3134 dubium
795 3080 828 3132 de
847 3082 944 3148 juno,
964 3098 1030 3150 quse
1077 3069 1164 3135 Μῐθι
1191 3071 1252 3142 quis
1273 3073 1450 3142 jurameutum
1472 3095 1526 3131 nou
1552 3092 1653 3138 tentum
1680 3089 1786 3142 enisstu
1813 3111 1843 3146 uo

259 3167 343 3236 iungis
361 3165 534 3220 deliberalsm
554 3166 716 3218 voluntalem
735 3160 863 3216 ostendit.
1078 3150 1252 3210 deliberatam
1285 3159 1448 3214 voluntatem
1484 3165 1600 3234 jurenlis
1632 3171 1765 3240 deuolat,
1797 3179 1845 3230 sed

298 3250 369 3320 Quid
388 3252 457 3304 circs
477 3250 609 3301 debitoris
628 3265 765 3319 personam
782 3254 909 3318 operetur
934 3244 1027 3300 delun.
1078 3239 1159 3292 etiem
1179 3241 1256 3296 hebet
1272 3243 1327 3296 situ
1345 3247 1474 3301 clausulae
1491 3251 1669 3324 codicillaris,
1690 3259 1717 3310 id
1737 3270 1793 3322 est,
1814 3274 1844 3316 ur

261 3337 298 3390 eti
316 3337 437 3398 assertio,
458 3335 581 3403 injurato,
594 3331 700 3403 quidem
720 3331 792 3384 iulru
803 3350 825 3385 o.
841 3345 865 3383 s.
878 3327 1029 3396 delinitum,
1078 3340 1133 3375 rem
1153 3323 1233 3378 locist
1249 3329 1335 3382 eslere
1352 3332 1539 3400 omnimodo,
1558 3355 1611 3406 quo
1629 3351 1708 3410 potest
1724 3377 1731 3405 ,
1745 3361 1792 3413 per
1810 3350 1842 3400 l„

257 3419 332 3472 illeso
354 3418 483 3471 nimirum
503 3415 597 3481 modo,
616 3434 668 3486 quo
688 3414 789 3468 dictum
809 3414 861 3487 ipsi
881 3431 934 3469 nou
954 3431 1029 3466 noce·
1077 3426 1138 3461 cum
1154 3420 1234 3479 pater
1252 3423 1296 3465 ιι.
1312 3411 1335 3484 5
1344 3414 1429 3484 filius
1449 3430 1563 3474 tratrem
1585 3420 1677 3492 ιι]
1698 3424 1724 3476 d,
1749 3429 1843 3495 lew.

258 3521 302 3566 re,
323 3503 448 3574 prodesse
466 3511 552 3554 sutem
571 3499 600 3552 in
619 3500 667 3553 hoo
688 3509 717 3552 ul
735 3500 759 3553 si
780 3511 846 3554 too.
859 3499 1028 3564 deberentur,
1081 3504 1106 3544 ι.
1123 3494 1219 3548 tehen.
1240 3496 1384 3556 §iniurius
1403 3501 1441 3556 od
1457 3503 1489 3554 L·
1508 3503 1630 3560 rosiones
1647 3509 1680 3566 C.
1699 3507 1732 3578 de
1746 3511 1864 3580 probae„

258 3588 290 3642 de
309 3599 414 3642 eeutuu
434 3603 496 3640 rero
515 3595 620 3639 unsrun
647 3583 748 3637 diceret
771 3583 909 3648 Moriens,
928 3583 1030 3654 relique
1078 3595 1105 3631 ιι.
1130 3593 1170 3631 ιι.
1701 3591 1705 3602 ·

877 3805 1126 3875 CAPUT
1173 3807 1235 3876 111.

554 4000 612 4068 De
630 3997 854 4090 Constrssiooe
880 3996 1150 4090 Agonizorrsiom
1174 3999 1211 4064 ιἰι
1235 4005 1353 4070 causis
1375 4003 1564 4076 civilibus..

446 4245 790 4302 s'ttttttAtrtA

260 4419 358 4472 dales
371 4419 399 4470 is
427 4415 513 4470 morte
532 4431 671 4482 asserens,
689 4429 718 4467 se
727 4412 839 4483 salsam
858 4411 951 4465 tulisse
963 4425 1026 4462 sen-

1048 4247 1053 4262 ·
1110 4243 1233 4299 orimirris
1250 4247 1347 4300 testari
1360 4258 1465 4319 potest:
1477 4251 1541 4305 ll'ors
1553 4263 1645 4309 temen
1660 4255 1688 4310 irs
1708 4258 1853 4330 praejudt:

1111 4328 1182 4381 oium
1193 4331 1381 4400 ipsorum,ipsi
1393 4335 1449 4389 tole
1459 4337 1546 4394 scelus
1560 4339 1588 4392 irs
1598 4357 1687 4409 agone
1700 4343 1846 4414 confitenti

1111 4415 1236 4468 ereditur.
1257 4435 1282 4468 ι.
1302 4429 1326 4468 ι.

293 4502 407 4556 tertium
436 4519 492 4555 ιιοιι
522 4500 651 4556 rescindit
681 4517 737 4554 rem
759 4497 939 4570 ιἰιιίιιιιιιιιι,Ι
967 4496 1030 4550 Il‘isi
1075 4496 1221 4567 confise&
1236 4501 1320 4555 dediti
1331 4502 1576 4574 Moridundisoctu
1590 4508 1673 4564 etiam
1686 4510 1843 4566 sineoaasu

297 4605 332 4639 os:
350 4586 488 4641 sententis
503 4585 593 4658 priori
609 4587 714 4640 nullum
732 4581 806 4652 porti
826 4581 1026 4653 praejudicium
1112 4584 1200 4646 valet,-
1212 4584 1245 4642 Si
1255 4585 1331 4640 illam
1341 4604 1409 4658 pars
1423 4605 1558 4658 praesens
1571 4603 1688 4663 receptet
1693 4631 1703 4659 ,
1723 4598 1846 4650 reuocari

295 4671 332 4723 sit
348 4681 448 4723 ortum.
465 4670 526 4724 Sibi
541 4681 634 4724 tomen
653 4665 838 4742 praejudicat.
859 4685 887 4720 ιι.
910 4679 932 4719 ι.

261 4755 339 4810 Idem
352 4755 381 4808 ιἰι
395 4755 518 4809 Arbitrer·
533 4775 562 4808 ιι.
575 4766 600 4808 ι.

258 4840 301 4893 Et
314 4841 470 4894 Advocato.
488 4859 517 4893 ιι.
537 4851 561 4892 ι.

258 4925 299 4980 Bt
323 4926 408 4979 Teste·
428 4943 455 4978 ιι.
477 4935 500 4976 t.

259 5009 426 5080 Agonisorss
440 5019 528 5080 potest
546 5008 706 5067 examinari
721 5008 749 5063 irs
769 5019 862 5064 testem
880 5007 918 5064 od
943 5019 1028 5064 oeter-

297 5111 363 5147 num
376 5093 418 5148 rei
428 5095 599 5150 memoriam.
615 5115 643 5149 ιι.
656 5108 679 5148 ι.

1113 4666 1216 4738 nequit.
1229 4688 1257 4722 ιι.
1274 4683 1298 4724 ι.

1081 4750 1155 4818 Quid
1170 4751 1197 4806 si
1211 4763 1327 4808 testator
1332 4753 1434 4823 sasso
1440 4753 1548 4828 suerit,
1567 4777 1597 4816 ss
1615 4761 1734 4834 injustos
1746 4781 1846 4818 uestros

1114 4837 1286 4891 extorsisse?
1304 4857 1332 4890 rs.
1354 4850 1395 4892 tt.

1076 4917 1224 4990 Confissio
1244 4919 1401 4976 dedititios
1424 4923 1525 4995 prodat
1548 4939 1646 4985 contro
1671 4931 1842 4998 debitorem,

1110 5007 1357 5076 praesumptionem
1371 5015 1463 5062 tomen
1476 5027 1529 5079 pro
1543 5000 1785 5086 boeredesocitdd'i
1794 5019 1845 5073 od·

1116 5089 1174 5143 dito
1191 5092 1333 5160 porticulo
1351 5095 1499 5164 tuaeutiva,
1519 5102 1653 5176 reliquum
1671 5105 1700 5158 irs
1719 5123 1842 5161 eommo-

260 5176 393 5250 Neeiptis
405 5180 597 5235 remittendum
618 5163 873 5250 οιιῘιιιιιιιιιιιιιιιιι,Ι
895 5176 1029 5250 Quemvis
1113 5174 1177 5228 dum
1195 5175 1325 5229 debitoris
1337 5177 1415 5232 cedit.
1430 5197 1457 5232 ιι.
1480 5194 1521 5234 tt.

298 5265 375 5316 ttors
394 5265 431 5318 ss't
442 5265 502 5321 ioco
516 5265 681 5337 juramenti.
700 5285 729 5319 ιι.
751 5279 774 5318 ιι.

260 5347 356 5404 Etiam
369 5347 526 5420 dieserioto
537 5363 564 5405 et
575 5353 687 5405 olserrte
696 5361 784 5421 porte.
800 5369 826 5404 ιι.
842 5362 866 5403 ι.

1078 5243 1225 5330 Cobfessio
1241 5260 1413 5316 liberatoris
1425 5265 1537 5333 prodest
1550 5266 1672 5323 debitori.
1687 5289 1714 5323 ιι.
1731 5282 1771 5325 ιι.

1078 5344 1203 5398 Moriens
1213 5344 1356 5415 consessus
1371 5346 1555 5416 solutionem,
1569 5371 1625 5404 non
1637 5364 1726 5424 potest
1740 5354 1848 5427 objice·-

259 5433 423 5492 Iroaeerssts
454 5445 612 5493 conuectos
635 5434 792 5494 Simouioci
817 5444 913 5492 contra
939 5433 1053 5492 tocios·
1113 5433 1343 5507 rescriptionem
1358 5453 1415 5491 ιιοιι
1434 5453 1509 5492 num.
1525 5457 1582 5512 pec·
1603 5459 1631 5496 ιι.
1655 5453 1695 5496 ιι.
