4482 6328
352 533 403 590 633
727 541 777 594 DE
794 539 941 596 Llll'ELLO
961 541 1077 598 lllTlC.
1094 541 1140 597 ET
1158 543 1243 598 EIUS
1263 547 1404 618 REQCIS.
1733 551 1785 616 654

280 625 330 684 bns
347 629 469 685 articulos
488 627 653 689 adversarius
673 637 832 709 respondere
849 655 903 692 uon
922 649 1044 706 tenetur,
1096 651 1122 696 et
1142 653 1164 695 t·
1183 653 1293 714 excepto
1310 655 1396 699 tamen
1413 641 1523 698 articulo
1535 641 1621 714 juris,
1638 643 1685 718 qui
1698 663 1750 701 nou
1763 658 1802 702 est
1814 662 1857 703 re·-

280 715 342 782 quia
360 715 468 768 articuli
486 714 546 770 idco
564 730 716 788 ponuntur,
733 732 762 775 nt
780 721 802 776 si
822 734 966 792 negentur,
985 743 1047 797 pro-
1095 726 1239 797 sponsalis:
1255 738 1281 782 et
1293 728 1362 782 ratio
1373 739 1424 795 est,
1439 739 1467 782 ut
1477 727 1597 798 ambages
1616 729 1746 785 evitentur
1757 743 1783 788 et
1794 730 1858 788 finis

211 801 242 847 st
279 793 338 850 bari
357 798 471 868 possint.
489 799 557 853 Cam
576 813 661 856 autem
688 806 730 874 jus
749 823 799 878 per
816 825 844 862 sc
860 819 968 864 certum*
982 812 1000 863 1.
1021 821 1044 862 ι.
1094 811 1188 865 litibus
1206 813 1368 884 imponatur.
1386 814 1438 867 lln.
1456 811 1558 866 Bruun.
1575 817 1701 870 Procest.
1720 817 1746 870 d.
1769 835 1791 872 c.
1819 830 1858 872 ιι.

270 878 315 950 ff.
331 882 364 936 de
378 882 437 952 jur.
457 894 484 938 et
490 884 568 953 fiet.
587 885 677 956 ignor.
695 907 744 944 nec
762 893 815 946 nlla
832 894 991 964 probatione
1004 895 1046 948 in·
1097 915 1124 950 n.
1144 909 1168 949 t.

282 964 386 1038 eligent,
406 971 540 1040 sequitur,
558 973 630 1042 quod
649 974 747 1045 positio
766 976 873 1044 injure
891 976 996 1034 lundata
1008 981 1047 1033 sit
1132 981 1215 1034 Porro
1232 977 1385 1045 sciendum,
1405 977 1591 1052 circumspecti
1605 995 1661 1037 esse
1675 981 1787 1052 judicis,
1801 1000 1859 1039 can-
1897 993 1937 1038 ta·

278 1049 484 1124 irrespousalis,
510 1055 661 1128 nulliusque
684 1077 761 1114 usus:
781 1078 843 1116 uara
863 1063 920 1119 sire
938 1081 1047 1135 respon·
1097 1080 1124 1119 sa
1143 1074 1260 1118 accurate
1285 1062 1401 1133 cognita,
1420 1063 1558 1118 aestimare
1564 1103 1574 1132 ,
1594 1067 1697 1120 articuli
1716 1071 1859 1124 revelantes

280 1135 348 1194 dens
367 1151 455 1211 neget,
475 1140 532 1197 sire
549 1141 667 1200 affirmet
690 1146 853 1216 positionem
871 1150 954 1218 juris,
973 1150 1046 1204 nibil
1096 1150 1166 1214 sint,
1185 1165 1235 1202 nee
1253 1164 1286 1201 ne
1305 1157 1355 1200 etc.
1373 1147 1403 1200 in
1421 1159 1536 1214 tautum,
1556 1159 1583 1204 ut
1594 1151 1672 1220 rejici
1683 1149 1808 1220 debeant,
1822 1163 1860 1207 te-

280 1225 323 1280 sel
341 1224 394 1278 sibi
412 1228 453 1282 sel
469 1228 620 1285 adversario
630 1229 728 1285 exinde
745 1235 923 1304 praejudicat,
942 1251 1048 1306 semper
1096 1250 1169 1286 merc
1187 1231 1260 1286 enim
1279 1247 1329 1284 nec
1344 1231 1485 1300 admittet,
1498 1251 1547 1288 nec
1564 1235 1670 1304 rejiciet
1687 1236 1802 1308 alisprcm
1821 1251 1861 1292 ar*

281 1308 354 1361 enim
374 1307 446 1364 itlem
465 1313 507 1380 jus
525 1323 574 1367 est.
594 1314 612 1368 l:
633 1324 675 1367 tt.
694 1315 830 1371 abiBart.
850 1336 878 1372 n.
908 1329 932 1370 t.
945 1317 988 1388 ff
1015 1320 1049 1372 de
1097 1319 1221 1381 ticulum,
1240 1315 1348 1370 etiamsi
1365 1333 1424 1388 pars
1442 1336 1487 1371 rea
1506 1319 1860 1392 idnrgeat:sed'potins,si

212 1401 246 1446 tt
285 1410 345 1448 aar.
365 1410 423 1463 arg.
442 1396 493 1468 leg.
511 1397 590 1467 Quotl
608 1398 632 1452 si
649 1417 712 1453 sero
729 1401 856 1456 articulus
874 1419 928 1456 nou
946 1421 978 1456 ex
990 1405 1050 1472 jare
1098 1402 1217 1460 frivolam
1236 1401 1312 1456 etad
1335 1401 1496 1456 malitiosam
1520 1419 1610 1458 causae
1633 1405 1857 1476 protractionem,

281 1478 399 1547 scripto,
412 1481 458 1534 secl
471 1497 504 1534 en
516 1484 576 1552 jure
587 1499 642 1537 nou
656 1484 755 1555 scripto
768 1485 808 1539 rel
820 1487 1049 1557 municipali‘con·
1099 1489 1129 1544 iu
1146 1487 1216 1560 quot
1233 1487 1342 1542 unicum
1359 1487 1505 1542 multorum
1529 1497 1573 1543 est
1594 1488 1715 1543 inunsns
1740 1489 1861 1556 animus,

284 1562 406 1634 cipitur,
422 1567 548 1621 nonnulli
566 1577 680 1640 putant,
699 1568 734 1622 at
752 1587 812 1624 eum
831 1571 984 1626 adversario
1005 1589 1047 1626 re·
1099 1573 1272 1642 excogitatam
1291 1571 1330 1624 rei
1348 1573 1530 1643 exceptionem
1547 1571 1661 1640 viderit,
1673 1573 1795 1629 renmob
1808 1591 1862 1627 ma·

283 1648 467 1720 spondendum
487 1669 561 1718 esse3
580 1664 634 1707 not.
651 1653 723 1708 Gail.
741 1654 845 1710 observ.
864 1667 907 1710 tt.
920 1675 949 1710 n.
965 1667 989 1710 t.
1003 1655 1050 1709 Ili·
1100 1657 1189 1710 liliata
1207 1654 1360 1722 mulctabit,
1378 1672 1432 1709 non
1445 1656 1516 1710 cuim
1529 1657 1700 1712 cavillatoriis
1711 1657 1862 1731 praestigiis

212 1741 246 1798 [tc
284 1733 395 1790 stinctin
412 1747 501 1790 tamen
519 1736 669 1793 adhibenda
686 1747 736 1794 est.
756 1739 812 1795 Aut
829 1741 901 1794 enim
914 1751 1049 1796 consuetu·
1099 1750 1127 1793 et
1144 1738 1308 1792 elusionibns
1327 1739 1863 1814 iupraxi,ntpoteinq1mtamquamol-

283 1820 326 1872 dn
336 1822 377 1874 sel
395 1821 437 1889 jus
449 1821 608 1896 municipale
621 1833 662 1877 est
675 1823 706 1877 in
718 1825 775 1880 loco
788 1826 990 1896 respondentis,
1004 1835 1049 1880 ant
1099 1823 1179 1880 ficiua
1196 1833 1224 1878 et
1240 1841 1317 1878 arena
1333 1825 1402 1893 juris
1426 1833 1532 1896 praeter
1548 1826 1605 1894 jus,
1624 1826 1754 1895 justitiam
1771 1837 1799 1880 et
1817 1845 1860 1881 ae·

284 1906 373 1958 estin
392 1905 444 1959 alio
461 1908 533 1972 loco;
558 1907 646 1978 priori
671 1925 732 1964 casn
756 1920 797 1966 est
820 1910 1050 1984 respondendam,
1098 1911 1227 1982 quitatem
1244 1906 1317 1960 nibil
1334 1909 1424 1977 urgeri
1443 1908 1536 1975 debet,
1555 1908 1746 1980 indulgendum
1763 1921 1813 1966 est.
1833 1909 1870 1966 Si

284 1992 346 2060 qnia
360 1993 402 2060 jus
415 2008 468 2045 nen
476 1991 607 2062 scriptam
620 1993 662 2048 sel
671 1994 832 2066 municipale
842 1993 926 2066 quoad
939 2013 1050 2067 respou-
1097 2011 1160 2048 sero
1177 1991 1341 2064 probabilem
1359 1992 1399 2046 rei
1418 1992 1602 2064 exceptionem
1630 1995 1865 2059 animadverterit,

282 2075 392 2130 dentem
405 2085 508 2130 certum
527 2083 582 2142 este
595 2078 739 2147 posteriori
753 2098 815 2135 raro
828 2097 889 2134 casu
906 2098 976 2147 non,
989 2081 1052 2154 quia
1098 2079 1204 2152 ipsein
1223 2088 1339 2150 tempore
1352 2087 1493 2144 occurret,
1513 2087 1541 2131 et
1553 2080 1594 2131 rcl
1607 2079 1711 2133 articuli
1724 2080 1865 2134 correctio-

283 2165 324 2212 est
340 2155 475 2212 incentum
493 2165 522 2210 et
539 2157 716 2230 incognitum.
729 2161 834 2218 Fertur·
853 2163 883 2218 in
900 2179 952 2219 tua
967 2181 1050 2235 prau-
1097 2183 1160 2220 nem
1178 2165 1315 2234 injunget,
1333 2163 1376 2218 rel
1392 2181 1454 2217 eum
1467 2181 1528 2216 curu
1541 2163 1654 2218 clamula
1667 2163 1803 2231 nunciare
1817 2175 1875 2217 etc.-

287 2238 419 2310 injirrnr.
436 2242 527 2313 ιιιοίρ.
545 2255 643 2299 eonem
658 2247 790 2318 position.
810 2248 840 2304 in
858 2257 880 2314 t.
903 2249 996 2322 potius
1021 2249 1049 2304 ln
1098 2247 1236 2313 admittet,
1255 2247 1295 2302 sel
1319 2248 1430 2302 omniuo
1454 2246 1576 2315 rejiciet,
1602 2262 1715 2300 nereus
1733 2246 1865 2317 praejudi-

215 2338 245 2380 tt
280 2327 345 2397 jare
363 2345 390 2380 n.
410 2339 435 2381 t.
454 2327 623 2385 Generaliter
638 2341 727 2388 antem
744 2335 904 2402 notandum,
927 2333 997 2406 qnod
1021 2334 1049 2386 in
1099 2333 1160 2387 ciali
1178 2333 1266 2404 aliquo
1284 2349 1411 2404 responso
1429 2342 1563 2401 gravetur:
1582 2341 1610 2385 ct
1626 2329 1677 2384 hcc
1694 2346 1756 2384 casu
1773 2327 1805 2385 ad
1824 2331 1867 2399 jus
1919 2367 1924 2374 -

283 2409 384 2480 jndicio
401 2413 602 2486 cameraelmp.
626 2427 762 2489 receptum
776 2420 823 2486 sit,
841 2432 872 2475 ut
895 2419 955 2492 quis
977 2421 1009 2472 ad
1021 2439 1050 2474 o-
1099 2435 1235 2472 commaue
1247 2419 1326 2487 jadex
1338 2415 1545 2471 recurretGail.
1556 2413 1613 2468 als.
1630 2424 1671 2468 st.
1684 2431 1711 2466 n.
1730 2412 1864 2470 t2.0lrre-

285 2513 361 2552 mnes
373 2497 498 2552 articulos
515 2499 674 2570 respondere
686 2513 808 2574 cogatur,
821 2506 876 2559 sire
890 2505 1049 2576 multiplices
1099 2503 1154 2559 cbt.
1172 2520 1195 2556 c.
1218 2513 1257 2555 tt.
1276 2520 1304 2558 n.
1325 2511 1365 2555 st.
1383 2500 1417 2556 tle
1434 2499 1516 2555 libell.
1540 2511 1581 2554 tu.
1598 2499 1627 2553 in
1637 2495 1695 2570 fin.

286 2581 343 2637 sire
363 2581 469 2637 obscuri
488 2595 536 2640 etc
556 2585 626 2642 Gall.
647 2587 693 2642 tit.
716 2603 738 2644 t.
754 2601 839 2660 praet.
855 2591 913 2646 obs·
929 2601 971 2644 ιι.
984 2607 1012 2642 n.
1026 2599 1050 2644 t.

886 2773 1135 2846 CAPUT
1182 2771 1263 2842 VII.

862 2971 918 3038 De
940 2969 1059 3039 libello
1082 2965 1295 3036 summario.-

473 3179 498 3228 S
516 3179 545 3231 tt
559 3175 686 3230 M'M‘A
706 3181 731 3234 ll
750 3181 772 3232 Ῑ
783 3182 812 3232 A
819 3185 822 3191 '
1105 3173 1235 3231 zwiscben
1254 3168 1309 3223 itm
1328 3169 1387 3224 ancl
1403 3169 1498 3224 seinen
1526 3169 1682 3238 Gegentlreil
1694 3169 1754 3223 eine
1767 3173 1866 3224 necte:

1092 3259 1241 3329 sertignng
1258 3273 1408 3325 ergangen,
1423 3253 1560 3308 ‹larinnen
1574 3271 1661 3323 wegcn
1679 3255 1754 3309 eines
1766 3254 1870 3326 attffir-

290 3340 410 3395 libellas
428 3339 596 3395 summarias
612 3343 747 3410 quartario
767 3345 839 3400 alias
851 3344 973 3401 nocetur?
987 3365 1013 3399 n.
1030 3357 1051 3400 t.
1103 3345 1191 3414 legten
1205 3337 1402 3408 andsalsclten
1414 3341 1608 3410 gescbwornen
1622 3337 1731 3408 Eydet,
1743 3340 1802 3394 sein
1821 3343 1871 3394 Ge-

295 3423 438 3494 Quomodo
458 3419 623 3476 deliniatur?
640 3444 669 3478 n.
690 3438 714 3479 ι.
1103 3423 1225 3497 gentici!
1240 3423 1389 3479 daturnalal
1404 3440 1460 3476 von
1480 3424 1566 3494 mage
1583 3423 1729 3478 absolsirct
1742 3425 1798 3478 and
1809 3437 1870 3478 ent-

291 3509 414 3564 Formula
433 3508 521 3563 libelli
535 3509 688 3564 summarii.
707 3531 735 3564 n.
757 3523 780 3565 s.
1106 3510 1212 3564 landen
1231 3507 1351 3564 worden.
1377 3508 1448 3562 Weil
1464 3505 1536 3560 denn
1551 3507 1584 3560 tt.
1598 3507 1669 3562 nacb
1683 3507 1802 3563 salchem
1812 3527 1872 3577 ger-

290 3594 360 3647 Usus
377 3593 424 3646 lii.
440 3609 537 3647 samm.
555 3591 585 3646 in
592 3590 666 3661 floro
685 3597 755 3650 sae.
776 3596 923 3652 maariinas.
944 3615 971 3650 n.
993 3607 1018 3647 t.
1102 3595 1255 3664 proclenen
1273 3589 1540 3662 Urtlreilbrieffliebe
1557 3592 1705 3647 Urkanden
1717 3590 1874 3662 gesanden,

292 3677 377 3733 Iletia
394 3675 536 3731 ttbe11andt
552 3675 697 3732 articulate
709 3675 738 3730 in
740 3675 814 3747 Jbrc
828 3679 975 3734 communi,
986 3699 1014 3734 n.
1031 3691 1054 3732 t.
1106 3677 1195 3732 dauon
1215 3696 1246 3732 er
1262 3695 1313 3732 car
1329 3675 1390 3730 Zeit
1403 3675 1569 3746 darselbigen
1581 3672 1806 3748 liechtsertigung
1817 3681 1876 3733 und

291 3763 390 3829 Ratio,
408 3777 460 3815 car
475 3759 521 3814 ille
533 3757 629 3815 modas
639 3758 746 3830 injbro
760 3765 828 3816 Sne·
843 3765 990 3836 abrogatam
1001 3763 1057 3818 tit?
1105 3765 1307 3836 gesproelrenen
1332 3761 1440 3817 Urtlleil
1456 3761 1535 3816 hcine
1559 3759 1771 3830 Wisrensclrafft
1785 3774 1875 3832 getra-

328 3867 356 3900 n.
377 3854 400 3900 t'.
1104 3867 1172 3921 gen,
1193 3847 1280 3900 damit
1296 3861 1328 3900 er
1344 3865 1377 3899 ιιι
1396 3845 1527 3900 lettret'ten
1551 3843 1608 3897 und
1623 3843 1791 3911 cananae,
1811 3849 1876 3900 dass

289 3929 389 3986 litem
404 3927 485 3998 ltuj'ut
503 3943 567 3984 atat
585 3926 665 3982 bodie
684 3927 713 3980 r'n
744 3930 822 3985 Cam.
848 3931 915 4002 Imp.
938 3939 1058 4002 receptus
1105 3935 1180 3989 solcll
1202 3931 1310 3989 Urtlret'l
1325 3929 1387 4002 ants
1393 3931 1483 3985 selues
1502 3927 1674 4000 Gegentlteils
1681 3927 1780 4000 salech
1792 3934 1875 4002 gelei-

333 4026 382 4070 ιιι.
403 4033 430 4067 n.
451 4027 475 4067 t·
1107 4026 1192 4069 steten
1211 4017 1277 4085 Ejd
1295 4011 1423 4083 ersolget,
1443 4013 1570 4067 andalro
1585 4014 1698 4069 anrecbt
1712 4018 1876 4086 gerprocleen

1106 4099 1264 4170 gewarden,
1284 4096 1343 4154 und
1359 4097 1426 4152 ater
1443 4117 1476 4151 ιιι
1494 4097 1569 4149 reclrt
1593 4097 1708 4152 bellnam
1727 4101 1857 4154 vercellen
1866 4140 1876 4165 ,

296 4121 372 4232 Ha
394 4180 549 4248 praemissis
574 4190 651 4250 atque
675 4177 776 4247 linitis,
801 4185 908 4255 paucula
932 4184 1058 4252 quaedam
1109 4185 1174 4239 dass
1191 4180 1316 4251 dirsfiallr
1340 4181 1443 4236 calciet
1468 4179 1575 4235 Urtleil
1590 4201 1624 4234 aa
1643 4181 1802 4234 retractiren
1821 4185 1881 4236 and

296 4273 358 4317 sunt
369 4264 531 4317 annectenda
551 4263 584 4318 ἀι
595 4264 687 4319 libello
701 4267 859 4331 summario,
873 4267 920 4338 qui
934 4267 1000 4321 alias
1014 4269 1059 4321 ab·
1109 4266 1144 4321 Ν.
1163 4269 1191 4319 iu
1209 4267 1342 4335 integrum
1363 4285 1396 4319 aa
1415 4263 1581 4318 restitniren.
1597 4263 1650 4317 Ats
1657 4261 1814 4333 fiarderter
1825 4285 1877 4318 can

296 4351 396 4402 solatus
414 4357 441 4402 et
458 4347 574 4418 simplex
592 4358 707 4404 nocetur.
728 4350 776 4406 Est
800 4369 860 4406 sero
883 4352 1059 4418 summarias,
1110 4351 1253 4420 bellagten
1277 4345 1407 4417 ΙιιίνιιιιθΓ
1425 4347 1536 4418 rietatige
1563 4351 1705 4411 Anterort,
1731 4349 1790 4401 and
1805 4351 1879 4402 nacla

295 4435 341 4506 qni
361 4433 483 4487 continua
502 4431 633 4486 orationis
652 4433 736 4504 serie,
756 4445 783 4490 et
802 4455 856 4491 uno
872 4445 997 4491 contextu
1020 4436 1059 4490 ia·
1109 4435 1243 4506 getbuncr
1261 4433 1390 4487 Antenori
1407 4431 1483 4485 bittet
1500 4450 1532 4484 er
1547 4429 1575 4482 in
1595 4431 1714 4483 Ileclrten
1733 4450 1766 4484 ιιι
1784 4436 1878 4486 erken-

296 4532 365 4573 ctnm
386 4519 580 4592 complectitur.
601 4517 668 4574 Sira
681 4531 736 4586 est,
756 4523 801 4592 qni
817 4537 1059 4594 unoprorsnscra-
1113 4535 1167 4571 nen
1188 4517 1245 4573 and
1263 4513 1488 4586 aaszuspreclten,
1507 4513 1782 4568 dast'erexclaosula
1801 4535 1879 4584 geue-

297 4603 381 4657 ticnis
399 4611 525 4658 contextu
543 4601 643 4657 lactum
661 4604 746 4675 judici
766 4607 795 4659 in
813 4607 914 4678 scripto
937 4606 1062 4677 proponit
1112 4601 1178 4668 rali,
1198 4602 1221 4654 si
1240 4619 1308 4672 quae
1323 4604 1391 4668 justa
1413 4599 1481 4652 mibi
1502 4615 1579 4652 causa
1597 4599 1747 4664 videbitur,
1769 4602 1797 4653 in
1813 4603 1879 4658 iute-

298 4687 358 4740 Old.
377 4689 509 4759 defhrnr.
529 4689 601 4746 litet.
620 4687 777 4762 §.proinde
803 4691 841 4746 its
867 4691 968 4757 dictus,
993 4691 1074 4764 qaoel'
1112 4704 1187 4757 grum
1206 4685 1371 4748 restituiret,
1391 4682 1488 4737 andin
1503 4683 1554 4736 elen
1569 4685 1661 4737 stand
1678 4682 1880 4755 wiederamge.

296 4783 377 4825 totam
395 4771 458 4827 iacti
477 4775 573 4827 seriem
593 4793 645 4828 una
661 4777 1063 4848 qnasisummaconnexa,non
1111 4780 1208 4835 select»
1225 4767 1325 4823 ‘imm'
1347 4785 1377 4821 θ’
1402 4784 1458 4820 ¹¹⁰7
1480 4767 1646 4837 50'5215580'1
1673 4765 1880 4840 ‘'niis''''im

299 4853 451 4909 distinctim
464 4871 512 4928 per
524 4859 673 4926 positiones
687 4861 881 4928 rel'articulcs,
891 4863 963 4932 quod
977 4859 1062 4913 libelli
1112 4851 1334 4924 Reebtfertigang
1348 4867 1486 4920 genesen,
1511 4851 1575 4905 dass
1593 4869 1625 4905 er
1641 4849 1710 4905 ancl
1730 4853 1778 4904 ruit
1793 4855 1884 4909 seiaer

299 4937 432 4992 articulati
451 4938 590 5010 proprium
616 4949 671 5007 est,
698 4943 841 4997 contineat.
861 4945 901 4998 lta
921 4944 1065 4999 surnmarie
1115 4937 1303 5009 angegebenen
1323 4933 1487 5007 Betveitung
1503 4935 1630 5007 gelceret
1650 4935 1708 4987 anti
1724 4937 1882 5008 eugalacton

298 5020 396 5091 aliquis
413 5021 444 5073 in
462 5021 635 5078 restitutione
653 5023 682 5076 in
709 5025 841 5095 integrum
866 5026 987 5080 libellum
1008 5023 1062 5077 lor·
1115 5025 1235 5077 mccc-late
1253 5021 1376 5088 werden,
1396 5021 1528 5088 bittende,
1548 5021 1635 5075 dieses
1654 5021 1721 5074 ocler
1744 5039 1800 5075 uror
1818 5042 1881 5074 sora-

298 5123 371 5160 mare
389 5116 483 5179 potest·
507 5107 566 5160 Var
580 5109 647 5162 eaclt
666 5107 702 5160 tt·
716 5107 747 5164 Ν.
761 5109 911 5166 erscleinet
923 5109 956 5165 Ν.
969 5109 1002 5163 Ν.
1017 5109 1066 5163 mit
1114 5119 1173 5162 rten
1188 5107 1333 5162 lierinnen
1349 5109 1438 5173 recht,
1454 5107 1684 5176 aasaaspreclten,
1699 5107 1758 5160 and
1769 5107 1823 5159 itm
1838 5109 1883 5160 die

304 5190 454 5246 Vertebalt
466 5188 538 5244 aller
548 5191 710 5246 recbtliclzen
724 5193 900 5264 Ilibtltdarffl,
920 5194 981 5250 und
995 5211 1062 5248 son·
1121 5191 1320 5264 Gereclrtigleit
1333 5195 1375 5260 jus
1395 5204 1419 5247 et
1435 5191 1567 5261 justitiam
1588 5191 1638 5244 mit
1655 5191 1798 5244 autlreilen.

300 5275 492 5339 derliclt,dass
505 5293 536 5330 er
546 5277 604 5331 siclt
617 5277 666 5330 mit
679 5277 784 5332 leinem
804 5278 1064 5349 aberflausigenlle·
1151 5277 1237 5346 liujus
1255 5275 1340 5328 libelli
1358 5293 1421 5330 usas
1433 5274 1531 5328 nullibi
1551 5277 1635 5345 major
1654 5285 1731 5345 atque
1743 5277 1878 5338 usitatior,
1920 5287 1933 5328 t

299 5360 723 5428 aeisroittvertanaentaten,
743 5362 1064 5434 davonerltiermitpro·
1114 5377 1194 5431 quarn
1214 5361 1242 5413 in
1262 5359 1321 5413 loro
1348 5359 1409 5412 San.
1436 5359 1569 5429 siqnidem
1597 5357 1739 5410 mandante
1767 5359 1883 5426 Angusto

301 5448 417 5514 teetiret,
436 5445 736 5521 andragetkartslicb,
757 5447 821 5502 dats
835 5447 992 5502 verruclter
1004 5447 1067 5500 Zeit
1115 5445 1235 5499 Electore
1255 5445 1320 5502 Noc·
1334 5459 1386 5498 saa
1405 5454 1429 5495 t.
1447 5461 1485 5513 pa
1502 5452 1521 5495 t.
1545 5455 1566 5494 t.
1586 5441 1671 5496 libelli
1690 5443 1821 5496 articulati
1836 5459 1880 5495 en-
