4478 6350
451 449 501 502 snb
953 434 1141 493 ntsetttt.
1159 435 1206 491 IV·
1225 434 1339 490 CAPUT
1359 437 1393 489 ΙΙ.
1838 433 1890 485 aab

374 547 513 600 haeredem
534 539 664 608 eiusmodi
684 538 711 590 in
731 536 848 590 debitum
863 533 1072 588 haereditarium
1086 549 1145 584 suc·
1168 541 1171 586 t
1196 541 1248 595 est,
1268 541 1296 584 et
1313 527 1448 584 ordinaria
1467 530 1635 602 pecuniaria:
1653 539 1682 584 et
1698 529 1878 584 admittuntur
1894 527 1961 585 lide·

376 630 468 682 cedere
481 647 534 680 non
548 627 649 688 dicunt,
667 624 798 692 siquidem
814 638 865 672 non
877 625 941 674 Jure
954 620 1141 683 haereditario,
1193 616 1323 682 jussores,
1342 626 1387 667 aut
1404 633 1487 686 poena
1507 617 1599 669 delicti
1617 626 1659 668 est
1676 616 1817 686 capitalis,
1838 633 1885 668 sen
1901 633 1959 668 onr-

377 715 422 766 sed
434 731 468 766 ex
482 723 556 784 paeto
570 721 596 764 et
609 709 781 764 conventione
800 706 925 770 succedit,
945 707 1031 756 tttans.
1046 705 1075 757 ιἰι
1089 721 1141 756 sno
1191 701 1264 770 poris
1282 700 1418 765 efflictim,
1437 700 1647 753 extraordinaria
1665 711 1692 752 et
1709 699 1858 762 arbitraria,
1870 709 1897 751 et
1910 699 1959 752 boc

372 818 454 872 prox.
473 799 557 852 Rubr.
577 797 609 849 dc
629 795 723 863 Eccpt.
742 791 765 863 5.
784 791 848 844 item
867 809 968 862 quaero
988 791 1039 842 eol.
1055 801 1077 841 2.
1090 787 1143 842 Sed
1165 793 1170 876 Ι
1191 803 1261 847 casu,
1275 795 1320 836 aut
1338 796 1378 837 est
1394 785 1513 854 quaestio
1528 785 1561 836 de
1574 781 1730 852 fidejussore
1741 783 1828 835 dando
1840 800 1888 854 pro
1901 784 1960 853 ipsa

374 883 406 933 de
426 883 474 934 boc
493 899 554 934 casu
572 889 599 933 et
618 876 787 930 restrictione
805 875 878 926 valde
896 873 1014 925 dubitari
1038 881 1141 942 potest,
1191 869 1333 938 principali
1353 887 1449 938 piena,
1470 869 1582 937 quaein
1602 869 1850 922 condemnationem
1869 869 1958 930 venit,

375 983 434 1016 eum
449 965 498 1018 boc
509 979 631 1018 concesso
645 976 737 1028 magna
749 958 789 1010 aia
803 955 938 1007 fraudibus
954 963 1024 1006 esset
1041 962 1140 1023 aperta,
1190 961 1217 1004 et
1234 953 1271 1003 ita
1289 951 1323 1004 de
1339 952 1463 1006 iudicato
1481 952 1621 1012 saliendo:
1642 965 1669 1004 et
1688 963 1750 1004 tunc
1768 969 1820 1004 nun
1839 951 1959 1004 admitti·

374 1049 399 1102 si
420 1051 466 1102 bac
484 1049 588 1101 ratione
600 1044 669 1097 aeris
681 1041 763 1096 alieni
775 1057 842 1094 ouras
854 1040 947 1091 liceret
963 1038 1073 1089 esitare.
1087 1037 1140 1087 De·
1190 1045 1233 1088 tur
1251 1033 1399 1104 fidejussor,
1418 1036 1575 1107 praesertim
1607 1036 1631 1088 si
1657 1035 1754 1088 delicta
1772 1037 1828 1088 sint
1845 1035 1960 1091 manile·

375 1135 469 1188 lictum
487 1143 574 1186 autem
593 1129 713 1184 defuncti
730 1128 763 1180 ad
783 1128 839 1193 eiras
858 1125 981 1178 haeredes
994 1131 1019 1174 et
1033 1134 1140 1190 agnatos
1190 1119 1272 1172 eriora
1289 1129 1317 1171 et
1335 1119 1455 1177 notoria,
1475 1119 1538 1186 quia
1558 1137 1636 1172 nemo
1655 1121 1833 1174 membrorum
1852 1137 1959 1172 suonam

375 1236 429 1270 non
447 1235 505 1270 esse
523 1213 719 1270 extendendum
736 1213 793 1264 luce
812 1211 907 1262 clarius
920 1217 970 1270 est,
989 1223 1037 1259 nec
1055 1205 1139 1256 ullum
1190 1202 1312 1256 dorninus
1330 1203 1348 1253 l.
1372 1214 1410 1254 ts.
1419 1198 1461 1269 ff.
1485 1203 1522 1254 od
1541 1203 1557 1253 l.
1579 1203 1674 1274 Aquil.
1687 1213 1715 1256 et
1727 1221 1775 1273 per
1792 1213 1958 1256 contractum

374 1301 453 1354 nobis
482 1299 705 1353 contradicturum
728 1305 812 1366 puto,
835 1293 896 1364 quia
921 1291 960 1344 ibi
981 1307 1039 1342 esse
1062 1288 1141 1342 debet
1189 1289 1222 1343 ad
1251 1309 1363 1363 poerram
1392 1289 1554 1360 corporalem
1580 1290 1642 1357 quis
1667 1307 1695 1342 se
1718 1289 1836 1357 obligare
1865 1291 1959 1358 neqtdt

377 1401 470 1454 mena,
488 1383 533 1436 ubi
554 1398 622 1435 noxa
640 1389 696 1444 est,
715 1377 810 1430 delicta
828 1395 887 1428 suos
906 1384 1025 1428 auctores
1050 1382 1140 1424 tenere
1189 1375 1356 1430 Schneidew.
1375 1379 1444 1426 last.
1464 1375 1497 1426 dc
1505 1374 1587 1444 fides·
1601 1393 1629 1424 ιι.
1645 1385 1685 1426 ιι.
1698 1375 1808 1444 insuper
1820 1383 1957 1444 etpoenae

377 1466 484 1520 delient.
504 1468 535 1518 l.
554 1465 701 1518 Sensimus
721 1459 950 1515 modestam.
969 1456 1049 1508 Barb.
1063 1457 1082 1506 l.
1098 1465 1139 1509 tl·
1188 1477 1248 1512 suos
1267 1459 1364 1512 debent
1382 1458 1455 1528 sequi
1479 1467 1598 1510 auctores
1616 1459 1633 1508 1.
1654 1469 1694 1510 22.
1717 1460 1748 1510 C.
1768 1458 1802 1510 de
1816 1469 1956 1528 poemat

378 1568 401 1604 e·
423 1561 465 1601 tt·
484 1569 533 1604 ox.
554 1559 594 1600 tt.
612 1548 694 1603 scius
713 1545 812 1596 Brunn.
832 1546 869 1597 od
886 1544 912 1596 d.
931 1546 963 1596 L.
985 1552 1027 1591 22.
1186 1543 1322 1610 quaeritur
1342 1553 1443 1595 tantum
1458 1541 1492 1594 de
1505 1539 1670 1608 fidejussore,
1687 1543 1733 1612 qui
1752 1553 1848 1607 masat
1860 1543 1894 1595 de
1906 1547 1956 1596 lu·

414 1633 533 1686 Dubium
551 1649 621 1684 nnnc
645 1640 728 1684 restat
743 1630 776 1681 de
794 1629 973 1695 Fialejussure,
992 1636 1020 1676 et
1035 1620 1140 1692 quaeri·
1188 1626 1258 1678 dicio
1276 1627 1349 1684 sisti:
1369 1639 1395 1679 et
1414 1639 1470 1680 tum
1495 1627 1666 1695 Magistratus
1690 1628 1833 1680 arbitrium
1852 1629 1882 1680 in
1901 1628 1951 1680 boo

379 1727 437 1776 turs
456 1735 524 1769 anne
543 1717 588 1769 bic
604 1717 686 1769 etiam
705 1733 753 1784 pro
772 1711 918 1782 Principali
943 1710 1027 1780 possit
1050 1723 1136 1759 caree·
1187 1708 1303 1762 maxime
1320 1711 1419 1763 versari
1438 1711 1524 1774 debet,
1546 1713 1608 1765 baec
1627 1713 1678 1764 tria
1695 1711 1849 1764 attendens:
1864 1714 1953 1782 primo

377 1803 449 1854 rari?
467 1801 605 1854 Debitoris
621 1795 776 1864 fidejussor,
796 1796 819 1847 si
838 1811 929 1848 causae
953 1789 1139 1844 carcerationis
1186 1793 1374 1847 consideranda
1392 1804 1432 1848 est
1448 1795 1560 1864 qualitas
1579 1796 1680 1858 delicti,
1698 1813 1733 1848 au
1751 1795 1882 1848 nimirum
1896 1798 1952 1850 cri·

377 1887 509 1951 accedant,
527 1886 593 1955 quin
612 1883 669 1954 oapi
688 1892 716 1934 et
733 1881 847 1932 detineri
867 1879 960 1948 possit,
977 1877 1079 1928 nullum
1098 1882 1139 1924 est
1188 1893 1250 1930 men
1272 1879 1309 1930 sit
1333 1878 1531 1932 atrocissimum
1551 1881 1575 1932 l.
1596 1893 1619 1932 t.
1629 1878 1671 1949 ff.
1690 1879 1854 1935 decussae.
1872 1885 1954 1935 Reor.

376 1971 496 2032 dubium,
508 1969 577 2039 quod
595 1977 623 2020 et
640 1985 671 2019 eo
690 1964 867 2026 extendimus,
885 1972 916 2015 ut
933 1959 1063 2032 procedat,
1074 1958 1140 2010 licet
1188 1963 1284 2016 deinde
1302 1966 1424 2033 probatio
1442 1965 1542 2029 delicti,
1561 1983 1596 2017 an
1614 1967 1718 2020 scilicet
1732 1966 1834 2019 crimen
1853 1966 1890 2017 sit
1909 1983 1954 2018 no·

376 2055 435 2124 ipse
452 2053 610 2124 principalis
623 2049 870 2102 debitorisdebitnr
888 2053 915 2098 et
933 2062 963 2096 eo
982 2055 1100 2114 tempore
1110 2043 1138 2094 iu
1189 2049 1295 2101 toa-ium.
1314 2048 1331 2100 l.
1353 2063 1376 2100 t.
1389 2048 1431 2119 ff.
1454 2051 1482 2102 d.
1506 2061 1524 2100 t.
1550 2050 1666 2121 denique
1690 2051 1803 2120 qualitas
1825 2067 1952 2119 personae

376 2137 532 2191 carceribus
550 2157 564 2188 a
584 2135 723 2188 Creditore
744 2132 909 2192 detineatur,
928 2145 980 2180 nun
1000 2128 1072 2178 enim
1097 2145 1139 2178 ca·
1188 2134 1357 2202 potissimum
1375 2135 1579 2200 consideranda,
1597 2153 1631 2188 au
1650 2135 1780 2188 nimirum
1800 2135 1954 2188 honoratior

376 2232 470 2290 ptura,
488 2239 534 2274 seu
553 2220 694 2291 prehensio
712 2219 780 2279 sola,
799 2216 845 2268 sed
863 2215 959 2267 solutio
978 2211 1139 2280 Principalis
1189 2218 1225 2268 sit
1243 2235 1361 2288 persona.
1373 2222 1424 2272 His
1441 2219 1652 2272 circumstantiis
1668 2219 1851 2283 consideratis,
1866 2220 1953 2274 iudex

376 2305 473 2358 liberat
490 2303 684 2372 fidejussorem,
703 2302 772 2354 sient
789 2310 814 2352 et
832 2298 965 2370 pendente
981 2296 1031 2348 lite
1047 2305 1138 2348 contra
1188 2299 1364 2356 arbitrabitur
1382 2303 1469 2368 facile,
1487 2321 1520 2356 an
1539 2321 1599 2356 reus
1616 2303 1727 2356 relaxari
1741 2303 1835 2374 possit,
1853 2305 1955 2357 aduris.

373 2389 474 2440 tttltitt
491 2405 543 2439 uon
558 2386 702 2457 impeditur
716 2385 835 2438 executio
846 2377 1137 2445 contral'tdeiussorcm.
1189 2387 1227 2439 sis
1244 2383 1445 2454 fidejussoribus
1459 2387 1492 2440 de
1505 2385 1728 2458 repraesentando
1748 2404 1792 2439 reo
1810 2399 1836 2440 et
1853 2389 1953 2453 judicio

375 2468 393 2520 1.
402 2467 434 2536 f
453 2471 482 2520 C.
501 2469 661 2539 defidejuss
686 2468 784 2520 Baldus
803 2478 829 2520 et
845 2463 958 2533 Magnis.
982 2465 1083 2516 Bruttn.
1103 2463 1142 2516 od
1189 2471 1308 2524 sistendo
1326 2473 1345 2522 ἱ.
1367 2483 1389 2523 t.
1398 2471 1438 2541 ff
1456 2473 1489 2524 de
1507 2473 1585 2526 Corn
1598 2482 1626 2525 et
1635 2473 1712 2524 Eat.
1725 2473 1807 2522 Reor.
1820 2471 1837 2521 l.
1854 2484 1877 2522 o.
1889 2470 1912 2543 5
1928 2487 1952 2525 ι.

376 2555 402 2604 d.
420 2554 438 2602 Ι.
456 2553 568 2622 Hering.
588 2551 619 2604 de
627 2551 756 2622 fidejuss.
773 2571 795 2604 c.
816 2563 857 2602 22.
867 2571 909 2621 pe·
926 2558 948 2599 ²·
961 2567 989 2600 n·
1004 2559 1045 2599 ⁴⁸·
1056 2550 1139 2602 mt¹¹l0
1188 2559 1221 2612 C·
1233 2557 1266 2609 de
1278 2558 1386 2622 Appett.
1401 2556 1498 2609 Excell.
1515 2554 1618 2608 Brnnn.
1631 2557 1698 2623 Rep·
1711 2557 1954 2610 ParabWesemb.

376 2637 460 2704 mergis
472 2637 519 2688 boe
533 2637 636 2690 ridetur
647 2634 833 2690 asbtinendum
847 2635 880 2686 de
894 2654 932 2700 eo,
946 2634 991 2704 qui
1007 2643 1138 2702 tamquam
1188 2641 1221 2694 d,-
1245 2640 1473 2712 Fidej11550r.9n.
1497 2651 1537 2690 rr,
1555 2642 1644 2692 staua.
1670 2643 1782 2708 syntag.
1806 2639 1868 2691 Jur.
1894 2641 1953 2695 Cio,

379 2719 539 2790 Principalis
555 2721 712 2790 obligationi
731 2720 897 2792 subscripsit,
916 2736 977 2769 nam
989 2718 1033 2769 bic
1046 2717 1138 2771 eodem
1187 2727 1259 2777 En.
1280 2733 1320 2775 ιι.
1339 2725 1376 2776 rt.
1398 2737 1439 2776 ao.
1457 2723 1570 2774 Etiamsi
1591 2731 1698 2792 postea,
1718 2721 1815 2773 delicto
1833 2723 1952 2792 probato,

295 2859 299 2868 1
375 2803 452 2854 titudo
470 2804 606 2856 conveniri
624 2812 728 2874 potest,
755 2814 833 2874 atque
855 2802 1013 2874 principalis
1032 2803 1050 2854 l·
1060 2799 1138 2872 fide·
1187 2825 1273 2880 [mana
1293 2807 1445 2878 corporalis,
1463 2807 1519 2858 sire
1539 2805 1677 2874 sanguinis
1697 2804 1835 2872 irroganda
1854 2809 1951 2860 veniat.

368 2884 473 2951 jussor.
490 2886 514 2960 5.
535 2899 557 2940 t.
577 2888 611 2942 de
628 2887 744 2959 Pignor·
762 2888 844 2958 Cous.
863 2889 921 2940 Zas.
941 2883 1324 2957 add1.s§·Bach.od
1346 2889 1445 2943 Treutl.
1470 2888 1531 2941 Vol.
1552 2899 1577 2938 2.
1595 2888 1661 2954 disp.
1682 2899 1723 2940 28.
1742 2889 1780 2940 tle·
1800 2900 1812 2940 ι
1842 2891 1895 2942 lit.
1914 2894 1951 2944 A.
2008 2891 2013 2900 “

375 2971 579 3042 Cltq‘sogoaus.
597 2993 626 3026 ιι.
647 2984 670 3024 2.
679 2972 721 3041 ff
739 2973 765 3024 d.
790 2975 822 3025 V.
838 2975 870 3024 0.
884 2973 1074 3026 Potesttamen
1089 2973 1138 3026 boc
1187 2976 1222 3028 Et
1239 2975 1287 3029 hoe
1305 2989 1366 3026 casu
1384 2969 1523 3039 fidejussor
1537 2972 1569 3024 ad
1581 2982 1680 3025 certam
1694 2973 1831 3043 pecuniam
1844 2993 1873 3028 se
1885 2977 1954 3029 obli·

376 3071 438 3104 casn
462 3055 640 3127 Principalis,
658 3059 682 3109 si
700 3075 753 3110 non
777 3067 900 3128 appareat
918 3073 975 3110 esse
999 3056 1137 3122 solvendo,
1186 3069 1242 3129 gat,
1263 3059 1302 3111 ael
1320 3058 1352 3112 ab
1372 3057 1453 3109 initio
1479 3073 1645 3128 expressam,
1663 3059 1705 3110 rel
1723 3077 1737 3108 a
1755 3056 1842 3124 judice
1860 3071 1953 3128 postea

373 3134 487 3201 dimitti,
498 3156 531 3190 ue
543 3141 620 3192 ambo
631 3141 659 3192 iu
672 3141 821 3194 carceribus
834 3142 930 3194 misere
940 3149 1047 3211 propter
1058 3157 1138 3192 unum
1186 3141 1422 3205 determinandam,
1441 3140 1538 3192 welcde
1555 3155 1586 3194 er
1602 3159 1636 3192 ιιι
1654 3141 1759 3208 erlegea
1772 3141 1954 3212 sielt'oeqafli-

375 3219 494 3272 debitum
509 3222 686 3277 detineantur.
701 3228 753 3278 llcs
765 3227 817 3293 jam
832 3225 954 3296 expedita
966 3225 999 3276 de
1012 3225 1057 3276 tali
1072 3220 1137 3276 lide·
1185 3228 1264 3280 odtert
1278 3223 1405 3287 masada
1416 3241 1447 3278 er
1460 3224 1511 3278 dea
1523 3225 1672 3292 Bellugten
1687 3225 1762 3277 nicio
1774 3227 1843 3278 stell.
1851 3228 1952 3280 Treutl.

374 3307 475 3370 jussere
494 3325 542 3376 pro
561 3309 651 3360 debito
667 3309 779 3378 quodam
793 3311 882 3373 Civili,
897 3311 948 3375 iarn
962 3309 1043 3361 etiam
1060 3327 1137 3379 quae·
1186 3311 1212 3364 d.
1231 3312 1249 3363 ἱ.
1268 3309 1297 3364 Si
1316 3325 1376 3362 aero
1400 3307 1529 3375 ejusmodi
1548 3306 1688 3377 fidejussor
1707 3309 1768 3361 dolo
1786 3308 1881 3373 iaciat,
1901 3329 1951 3381 quo

373 3389 442 3438 citur
461 3387 493 3440 de
512 3387 667 3458 fidejussore
687 3411 734 3461 pro
752 3392 922 3462 delinquente
939 3387 1138 3445 intercedente?
1186 3395 1276 3448 minus
1300 3393 1410 3445 sistatur
1427 3408 1504 3454 reus,
1526 3401 1589 3445 tunc
1607 3393 1631 3443 is
1648 3393 1729 3445 etiam
1754 3393 1950 3446 extract-dinem

374 3469 520 3540 Antequam
533 3484 619 3526 autem
634 3475 666 3526 ad
680 3475 851 3528 decidendam
871 3477 938 3528 banc
955 3475 1136 3544 quaestionem
1186 3479 1298 3532 arbitrio
1315 3477 1419 3532 iudicis
1432 3477 1523 3548 puniri
1535 3484 1633 3548 potest.
1652 3477 1671 3527 1.
1692 3487 1714 3526 ι.
1725 3473 1766 3545 ff.
1785 3479 1818 3531 de
1835 3479 1948 3532 Castod.

373 3556 551 3620 atereniamus,
570 3560 645 3630 prius
665 3559 808 3612 ridendum
826 3562 902 3614 nobis
919 3561 985 3619 erit:
1001 3559 1134 3613 boetiam
1185 3575 1211 3616 et
1236 3562 1309 3614 Exit.
1336 3563 1418 3614 licor.
1439 3562 1563 3628 Famigr.
1588 3559 1842 3613 terassonam
1861 3565 1894 3614 lt.
1915 3565 1949 3614 P.

372 3640 400 3691 in
410 3641 550 3693 criminali
563 3643 672 3696 Judteio
685 3643 789 3714 possint
802 3647 963 3698 intervenire
974 3641 1133 3711 fidejussor?
1191 3647 1321 3700 Wesemb.
1333 3645 1366 3698 de
1376 3648 1452 3700 Crest.
1465 3655 1492 3698 et
1503 3645 1577 3699 Exta.
1590 3647 1789 3716 Iieorrquoest.
1806 3657 1845 3696 tt·
1860 3647 1948 3698 Strur.

372 3725 429 3775 lloc
455 3734 485 3777 ut
502 3746 533 3780 co
551 3729 646 3782 clarius
671 3728 748 3782 nobis
771 3738 908 3800 patescat,
931 3728 1133 3781 distinctionem
1185 3731 1247 3782 (1.1.
1266 3730 1305 3780 Ex
1325 3731 1368 3782 bis
1388 3746 1459 3781 niano
1480 3729 1760 3798 facile-quaestionem
1787 3732 1950 3802 propositam

372 3809 512 3876 quamdam
539 3812 746 3866 adhibebimus:
771 3830 805 3864 un
828 3812 959 3866 nimirum
982 3828 1014 3864 ex
1037 3813 1133 3866 delicto
1184 3813 1534 3884 deciderepossurous,scil.
1553 3815 1582 3864 in
1601 3831 1631 3868 eo
1650 3813 1784 3874 casusubi
1802 3815 1832 3864 in
1852 3814 1945 3866 crimi-

369 3901 460 3956 apatur
483 3893 629 3949 Civiliter?
648 3899 681 3949 Et
701 3907 762 3948 tunc
784 3897 844 3948 sine
867 3897 942 3948 omni
967 3896 1132 3950 dubitatione
1183 3897 1238 3950 nati
1255 3895 1355 3964 jndicio
1372 3891 1511 3962 fidejussor
1529 3896 1691 3959 admittitor,
1711 3905 1800 3966 potest
1816 3897 1946 3964 ejusmodi

368 3968 509 4042 fidejussor
526 3976 559 4030 de
577 3979 693 4048 judicato
720 3980 843 4033 solvendo
867 3981 953 4049 accipi
977 3980 1083 4052 potest?
1099 3999 1131 4033 an
1182 3978 1337 4048 fidejussor,
1363 3980 1433 4032 sicut
1455 3979 1589 4044 alius,=ob
1606 3993 1696 4033 causas
1720 3981 1849 4034 custodiri
1869 3982 1949 4033 etad

369 4074 429 4110 vero
447 4061 515 4114 actio
533 4061 717 4116 Criminaliter
734 4064 900 4116 intentetur?
919 4068 977 4118 lioc
995 4081 1056 4118 casu
1072 4065 1134 4118 snb·
1184 4082 1295 4135 poenm
1314 4073 1468 4118 contentam
1487 4063 1615 4118 damnari.

371 4139 590 4213 distinguendum
608 4159 745 4220 putamus:
770 4158 814 4202 aut
837 4167 920 4221 poena
946 4149 1038 4202 delicti
1063 4161 1134 4204 certa

983 4335 1229 4405 CAPUT
1275 4335 1336 4403 lIl.

824 4525 881 4592 De
911 4525 1034 4592 Cousr's
1060 4525 1204 4593 carceris
1228 4523 1277 4590 od
1300 4521 1497 4592 custodiam.

554 4647 563 4678 J

553 4733 576 4780 S
595 4735 624 4784 U
638 4733 674 4783 Μ
687 4735 722 4783 Μ
735 4734 765 4785 A
782 4736 808 4785 R
826 4736 887 4787 ΙᾹ
1180 4745 1284 4797 Misero
1301 4741 1441 4812 quondum
1461 4739 1611 4793 deditorum
1630 4739 1759 4794 conditio.
1780 4761 1808 4794 n.
1829 4756 1851 4794 s.

1179 4833 1238 4886 Cur
1254 4829 1412 4902 beneficium
1429 4827 1569 4883 cessionis
1587 4827 1722 4881 donorum
1740 4829 1946 4885 introductum?

371 4891 1129 4971 L'tDebitor-possitincarcerariquoerequirenturin.t.
1216 4936 1243 4969 η,
1265 4930 1288 4968 6,

364 4972 483 5027 D‘bim
501 4981 610 5045 imm
627 4980 665 5031 ’ἡ
681 4980 800 5054 desuda
816 4996 960 5054 “mim-'²¹¹³
984 4985 1114 5040 dlt'ffldtss
1121 5021 1128 5049 ι
1178 5001 1227 5052 An
1246 4998 1330 5052 cessio
1351 4997 1485 5050 bonorum
1504 4996 1597 5050 liberet
1615 4999 1649 5050 ob
1668 4996 1746 5051 omni
1761 4999 1858 5052 debito.
1874 5017 1901 5049 ιι.
1917 5009 1943 5050 t.

402 5059 498 5151 {edici
511 5062 683 5133 relinquitur.
703 5086 730 5119 ιι.
752 5079 776 5119 2.
1180 5086 1226 5138 Aa
1244 5100 1308 5137 reos
1322 5083 1415 5135 statim
1422 5081 1509 5152 suctu
1527 5082 1701 5136 accusatione
1716 5085 1801 5153 possit
1817 5082 1940 5135 incerce-

367 5139 440 5204 (iurd
454 5141 498 5207 sit,
518 5155 545 5198 et
559 5165 608 5215 per
623 5169 703 5221 quem
711 5151 773 5222 fiet
789 5154 947 5209 Excussis?
966 5175 993 5208 ιι.
1014 5169 1038 5208 s·
1213 5167 1293 5220 rori?
1311 5185 1340 5219 ιι.
1361 5177 1386 5218 ⁸·

364 5221 483 5277 Debitor
499 5231 634 5286 malitiose
651 5236 725 5290 bona
744 5235 901 5310 dilapidans
924 5240 1126 5306 incarceretur,
1181 5251 1307 5320 Qualitas
1327 5251 1451 5305 Carceris
1466 5249 1615 5306 Crestodiue
1632 5249 1799 5304 describitur.
1819 5271 1845 5303 ιι.
1868 5267 1892 5307 s.

399 5327 550 5382 'tectiorem
567 5319 647 5374 bonis
664 5324 763 5380 cedere.
782 5343 811 5377 ιι.
832 5334 855 5376 t.
1178 5337 1274 5390 dstnos
1291 5353 1425 5408 spargens
1444 5337 1638 5389 incarceratur.
1657 5353 1686 5387 ιι.
1708 5347 1748 5388 to.
