4482 6328
911 513 1100 572 utstttffl.
1119 513 1180 572 XV.
1197 511 1314 570 CAPUT
1332 515 1380 572 iv.

1816 526 1865 578 7⁰⁰

425 514 477 585 599

353 615 428 669 Bart.
448 611 554 668 Salicet.
572 615 662 667 lason.
675 609 919 685 poenamadtocati
932 611 1121 668 baereticiad-
1170 631 1225 667 nou
1250 613 1367 686 amplius
1392 607 1573 664 numerandus
1597 603 1668 662 iuter
1691 606 1889 680 privilegiatos,
1907 627 1939 664 ee

352 699 478 752 duximus
497 713 577 768 cupra
594 703 616 760 ς.
639 707 678 750 to.
698 695 811 750 lliacet
824 694 904 749 hodie
921 712 1012 748 aarum
1037 705 1119 766 puto,
1170 696 1244 750 eninr
1265 698 1323 768 ipso
1348 695 1411 748 dnm
1429 693 1594 746 haereticum
1620 689 1745 744 euanuit
1769 692 1886 764 ipsemet
1905 689 1939 746 tu

352 785 376 836 ei
395 782 535 836 advocatus
560 781 604 833 illi
622 780 749 852 religioni
770 780 807 834 eit
830 779 968 844 addictus,
989 780 1064 848 eujus
1089 777 1120 831 in
1171 780 1319 834 haereticos
1337 795 1390 850 arg.
1411 797 1433 833 c.
1454 796 1518 850 pert.
1544 787 1614 832 επεν.
1634 775 1667 830 de
1683 786 1800 831 sentent.
1827 795 1939 832 excom-

353 866 473 936 lmperic
492 867 745 935 romauopertegca
762 861 882 936 publicas
894 861 1053 914 exercitium
1065 877 1118 912 nott
1172 883 1246 918 ιιιιιιι.
1267 873 1294 918 et
1306 883 1336 920 e.
1358 874 1416 920 tue.
1430 881 1458 918 e.
1477 874 1522 918 ·tt.
1541 881 1565 934 q-
1585 873 1610 918 t.
1628 861 1675 914 nbi
1694 860 1806 916 dicitur:
1827 863 1857 916 Si
1876 865 1936 934 quis

350 966 520 1014 eoncessum,
531 947 654 1002 eumdem
669 949 766 1002 meritc
777 961 917 1002 enumero
935 943 1119 1003 advocatorum
1171 959 1322 1021 peccantem
1341 947 1478 1014 defendit,
1497 947 1583 1004 acrius
1600 964 1679 1018 quant
1694 946 1739 1000 ilie
1755 945 1801 1016 qui
1820 950 1939 1022 peccarit

349 1033 538 1107 expellendum
557 1045 622 1086 esee.
1165 1043 1325 1086 coerceatur.
1346 1034 1377 1088 si
1394 1031 1454 1104 quis
1471 1031 1583 1085 alterius
1599 1031 1684 1084 errori
1703 1035 1884 1100 consenserit,
1900 1035 1934 1088 il-

280 1133 283 1142 ’
388 1116 571 1170 Advocatnsi
597 1129 700 1170 camera
727 1113 867 1186 imperiali
885 1123 1012 1186 receptus
1028 1121 1121 1185 poatea
1171 1119 1244 1187 lique
1262 1117 1406 1172 consilium
1426 1114 1542 1182 dederit,
1561 1114 1628 1169 sciat
1649 1132 1680 1170 se
1697 1133 1762 1172 eum
1784 1119 1832 1172 illo
1851 1121 1937 1175 simili

343 1539 467 1612 pensu.
480 1553 540 1597 tet.
553 1541 617 1596 edit.
629 1543 759 1598 Hannon.
774 1543 811 1595 A.
829 1551 904 1596 tent.

278 1679 280 1684 ,
388 1627 457 1680 Ante
473 1625 565 1681 omnia
581 1625 701 1680 advocati
719 1633 842 1691 careant,
862 1643 897 1678 ne
915 1625 1065 1695 privilegiis
1093 1642 1121 1678 se
1172 1619 1272 1672 blicnm
1286 1631 1339 1674 est.
1359 1617 1468 1676 Decian.
1494 1633 1572 1678 tract.
1596 1623 1678 1680 caim.
1703 1626 1722 1678 l.
1747 1639 1770 1680 s.
1796 1643 1819 1681 c.
1841 1643 1883 1686 st.
1908 1654 1935 1687 ιι.

247 1739 249 1745 -
352 1711 485 1783 spolient,
497 1710 602 1780 qtundo
622 1715 638 1766 i
657 1709 796 1781 principio
815 1710 931 1764 scienter
948 1711 1064 1779 injustae
1078 1729 1121 1782 pa·
1175 1716 1216 1756 tt.
1234 1703 1286 1776 (³.)
1299 1705 1444 1762 Excusatur
1461 1709 1566 1780 quando
1583 1709 1634 1764 boc
1652 1711 1717 1766 iacit
1733 1729 1794 1765 cum
1807 1731 1938 1771 censensu

352 1217 443 1257 ancora
461 1207 541 1270 atque
553 1198 691 1270 negligens
709 1207 830 1269 repertus
841 1200 936 1269 quotis
947 1211 1064 1270 tempore
1075 1213 1123 1268 per
1172 1199 1252 1252 modo
1262 1198 1433 1268 iudicandum
1452 1198 1620 1270 culpabilem.
1631 1199 1777 1257 limitatur
1789 1203 1839 1276 (t.)
1852 1205 1938 1262 etto-

352 1302 473 1341 camerae
490 1281 609 1353 judicem
626 1293 651 1338 et
666 1297 814 1336 attamen
832 1281 992 1347 dimitti,et
1010 1283 1078 1336 aliut
1092 1279 1120 1330 in
1172 1295 1245 1338 catus
1263 1284 1419 1354 ignoranter
1442 1286 1605 1342 haereticum
1629 1284 1775 1342 defendens
1791 1303 1936 1346 excusetur.

351 1372 441 1443 ipsius
459 1372 547 1424 locunt
565 1366 649 1439 recipi
668 1376 764 1439 puteat.
786 1367 881 1422 ordin.
904 1370 981 1424 Cam.
998 1385 1027 1437 p.
1048 1365 1122 1419 t.tit.
1174 1366 1283 1421 Decian.
1301 1379 1381 1424 tract.
1400 1369 1479 1424 otim.
1496 1371 1515 1423 l.
1535 1382 1593 1426 ιο.
1609 1383 1650 1424 tt.
1669 1389 1697 1426 n.
1715 1384 1755 1426 tt.
1769 1374 1822 1445 (1.)
1834 1376 1864 1430 Si
1880 1395 1937 1430 oto·

354 1466 395 1508 ts.
414 1454 492 1508 Gott.
507 1452 662 1508 aduenttt't.
675 1451 811 1518 Imperial.
826 1461 892 1508 tete·
908 1463 932 1504 t.
946 1449 1055 1507 constit.
1067 1454 1121 1504 Im·
1171 1451 1205 1506 do
1223 1471 1328 1506 causam
1345 1453 1481 1508 absentiae
1494 1471 1543 1527 pro
1563 1455 1697 1509 haeretico
1715 1457 1853 1515 aduocatos
1871 1463 1937 1516 aiic-

1171 1553 1233 1604 «ιιι
1250 1537 1373 1590 voluerit·
1390 1533 1520 1591 Officium
1536 1540 1612 1594 enirn
1631 1540 1762 1612 allegandi
1780 1561 1870 1600 mutas
1889 1565 1936 1618 pu-

348 1795 517 1850 ttoeinantur
535 1811 627 1848 mutae
641 1793 663 1846 d.
676 1797 745 1848 Idem
765 1811 822 1847 nort
842 1809 948 1848 novum
970 1804 1010 1845 11.
1024 1801 1045 1857 t.
1065 1796 1123 1848 Po·

350 1890 433 1932 trono
457 1883 487 1932 C.
513 1877 546 1932 de
568 1879 658 1934 Jtadic.
676 1896 700 1932 e.
728 1890 768 1930 11.
787 1888 889 1948 quaest.
916 1891 940 1932 t.
964 1895 1056 1934 eoae
1073 1879 1123 1950 qui

279 2007 281 2010 .
352 1960 452 2014 dt'ct'tit.
469 1962 551 2015 Jaaon
563 1960 592 2014 in
606 1960 694 2013 eamd.
714 1961 764 2031 teg.
778 1979 805 2012 tt.
828 1972 850 2012 1.
861 1970 889 2016 et
905 1976 975 2030 eeqq.
985 1958 1120 2014 Wesenb.

279 4154 310 4198 16

352 2045 382 2100 in
398 2046 557 2113 paratim).
577 2045 611 2098 de
629 2044 733 2098 Adnue.
750 2045 846 2098 dinen.
860 2043 945 2114 p'udt'c.
963 2063 991 2096 ιι.
1012 2057 1035 2096 t.
1054 2061 1120 2097 verr.

350 2134 382 2186 ta
396 2131 485 2184 tuate.
503 2131 609 2199 Magon.
620 2127 656 2181 ιἰι
672 2131 770 2200 Cynos.
791 2128 925 2183 Atuouae.
943 2148 966 2184 c.
987 2142 1029 2184 tt·
1048 2148 1075 2183 ιι.
1097 2140 1119 2182 t.

354 2215 474 2269 lierlicb.
482 2233 510 2284 p.
526 2227 549 2266 1.
561 2214 649 2268 cnoel.
662 2225 686 2265 t.
698 2233 725 2266 ιι.
739 2223 779 2268 tt.
792 2212 1018 2268 Adromtusenim
1033 2215 1118 2267 scien·

349 2309 392 2354 ter
411 2298 550 2369 improbae
568 2298 746 2369 patrocinium
760 2306 897 2369 praestans
910 2313 1001 2352 causae
1017 2307 1115 2349 morta·

342 2386 413 2446 ¹liter
433 2393 532 2454 peccat.
550 2383 678 2450 paralip.
692 2401 751 2454 cop.
767 2394 791 2434 t.
804 2397 875 2438 vere.
893 2394 932 2435 tn.
945 2381 998 2452 Qui
1010 2383 1116 2451 imptn·

347 2471 384 2522 bo
402 2467 532 2522 auxilium
549 2466 674 2538 praebes,
687 2465 757 2519 iratu
770 2467 831 2518 nttt
850 2463 1007 2519 mereberis.
1028 2465 1118 2517 Adda-

352 2568 395 2610 tur
414 2570 447 2606 ex
464 2555 530 2607 Jote
542 2551 641 2604 Cenon
661 2569 684 2604 c.
704 2561 747 2603 tt.
760 2568 788 2604 c.
806 2560 845 2601 tt.
864 2559 966 2618 quaest.
982 2564 1005 2602 e.
1017 2557 1043 2604 et
1055 2547 1119 2602 tttd.

344 2661 373 2696 e.
389 2653 445 2696 too.
458 2640 550 2708 Neque
567 2637 678 2706 objiciat
696 2638 770 2707 quis:
785 2636 816 2690 Si
829 2636 951 2691 melicus
970 2649 1115 2708 aegrotum,

353 2726 388 2778 tle
400 2743 452 2794 quc
465 2725 519 2790 janu
539 2721 625 2776 iernte
642 2733 727 2776 actum
736 2731 791 2786 eet,
805 2727 832 2772 et
848 2737 927 2790 quem
946 2719 1011 2788 scit,
1024 2721 1115 2776 atatim

348 2809 469 2864 tumbam
488 2817 675 2862 etennensium
689 2823 751 2861 esse
768 2805 855 2859 odbuc
866 2821 1001 2860 ”sumere
1013 2815 1116 2877 potest,

345 2907 374 2949 et
393 2894 461 2946 artis
480 2909 541 2946 suae
560 2891 684 2962 peritiam
704 2899 819 2956 tentate,
837 2908 919 2962 quare
935 2890 1018 2946 etiam
1039 2891 1116 2944 adro·

350 2988 424 3034 uatus
446 2975 613 3048 desperatam
639 2986 667 3029 et
685 2992 746 3030 tuox
765 2975 908 3046 perititiam
935 2993 988 3028 non
1008 2976 1119 3046 accipiat

347 3078 471 3116 cautam:
490 3060 539 3114 Est
556 3061 629 3114 enitu
641 3060 686 3114 bic
700 3059 804 3114 diretta
816 3061 885 3114 ratio
899 3060 971 3114 iuter
983 3059 1115 3115 medicum

349 3156 378 3198 et
395 3144 557 3200 advocatum.
575 3143 698 3198 Medicus
716 3144 790 3198 enim
809 3143 843 3198 ab
862 3145 1029 3216 amicis,qui
1042 3157 1066 3200 et
1077 3147 1116 3198 tti-

350 3231 415 3284 tima
434 3238 538 3282 tentare
549 3229 693 3304 omniaque
711 3229 828 3283 libenter
847 3231 997 3302 expendere
1009 3233 1116 3296 volout,

348 3311 487 3367 adhibitus
506 3329 558 3364 non
577 3313 661 3366 laedit
675 3313 790 3367 tertium.
808 3313 911 3368 Deinde
924 3315 1064 3370 advocatus
1077 3317 1117 3382 ju-

347 3405 469 3450 ramento
497 3395 644 3451 adstrictus
669 3408 711 3452 eet
736 3398 770 3452 ad
797 3397 991 3456 defendendam
1012 3411 1117 3455 tanturn

347 3497 456 3534 causam
469 3480 562 3554 juetam
573 3480 591 3532 1.
602 3483 670 3537 Rem
682 3501 738 3537 nott
752 3502 853 3539 novum
870 3497 909 3538 11.
923 3495 944 3549 ς.
961 3489 1077 3556 patroni
1085 3491 1118 3542 G-

348 3563 471 3634 d.1'ndt'e-
483 3561 574 3620 Rooer.
593 3564 673 3620 decis.
696 3577 753 3620 tit.
769 3586 795 3620 tt.
812 3579 853 3620 tt.
866 3567 953 3640 etfin.
966 3569 1117 3625 Notandum

350 3645 406 3698 iric·
417 3654 522 3711 nmen,
540 3647 610 3716 quod
629 3650 654 3700 si
672 3667 747 3706 cauta
767 3651 804 3703 sit
822 3650 942 3705 dubitet
958 3671 1011 3707 nott
1032 3655 1118 3726 possit

353 3728 471 3782 discerni
489 3729 585 3783 teritur
603 3741 716 3800 propter
730 3735 846 3787 rationes
859 3738 1065 3792 etauctoritatea
1083 3737 1116 3791 ab

350 3822 463 3881 utraque
481 3823 557 3882 parte
575 3813 739 3880 militantee,
759 3815 897 3874 advocatus
915 3819 948 3873 ab
966 3820 1057 3878 cilicio
1076 3842 1117 3877 re·

351 3894 499 3950 movendus
524 3897 643 3950 nonsit.
664 3901 743 3953 sotus
768 3900 800 3955 de
824 3905 898 3957 Juat.
921 3915 948 3960 et
972 3909 1035 3962 ΙΨ.
1054 3909 1071 3961 t.
1092 3922 1116 3961 t.

348 3987 455 4049 quaest.
474 3989 500 4028 t.
518 3989 571 4034 ort·
593 3991 618 4032 s.
642 3981 748 4052 Magon.
769 3983 796 4040 in
815 3989 914 4058 ijot.
941 3993 1011 4048 Ado.
1029 4011 1052 4047 ι.
1075 4005 1116 4049 tt.

353 4080 382 4113 ιι.
405 4072 445 4113 ts.

382 4146 449 4200 iure
468 4148 595 4202 canonico
622 4149 760 4208 advocatus
780 4156 943 4214 haereticum
968 4160 1115 4216 defendent

1171 1788 1270 1858 judicia
1288 1789 1487 1845 thietianeeut
1506 1794 1557 1846 eol.
1577 1803 1601 1845 2.
1621 1794 1711 1848 nacta.
1724 1795 1791 1868 belg.
1809 1809 1828 1851 t.
1849 1811 1872 1852 t.
1892 1801 1935 1856 de·

1172 1873 1219 1926 ca's.
1238 1883 1280 1928 at.
1307 1893 1334 1926 a.
1356 1873 1448 1948 1.(1.)
1468 1876 1650 1932 Patrocinium
1676 1891 1812 1952 praestare
1829 1895 1934 1954 ponat,

1171 1957 1276 2025 quaudo
1294 1957 1372 2011 illum
1391 1959 1420 2011 itt
1439 1959 1540 2029 judicio
1560 1961 1692 2031 defendit,
1704 1977 1732 2020 ei
1751 1968 1936 2025 demonstrare

1170 2041 1242 2106 volt,
1258 2041 1350 2112 ipsum
1370 2060 1422 2098 uon
1440 2061 1498 2100 csse
1516 2047 1687 2103 haereticum.

1204 2125 1349 2180 Advocatus
1367 2128 1391 2180 si
1409 2129 1479 2182 salta
1497 2145 1543 2184 sua
1560 2134 1616 2185 tult
1632 2150 1691 2186 esse
1707 2135 1869 2207 privilegia,
1887 2159 1930 2195 ca·

1169 2216 1228 2260 teat
1245 2225 1279 2260 nc
1297 2209 1390 2265 initam
1408 2211 1493 2282 legent
1512 2217 1552 2269 rel
1568 2231 1697 2272 canonem
1710 2222 1783 2288 cujus
1795 2235 1888 2280 auctor
1907 2228 1932 2277 i·

1170 2303 1311 2362 gnoratur,
1329 2300 1372 2355 tel
1389 2299 1542 2370 abrogatam
1561 2303 1623 2356 dolo
1641 2305 1745 2374 alleget,
1758 2308 1855 2377 alioqui
1876 2310 1939 2363 iaisi

1168 2376 1271 2430 crimen
1291 2381 1414 2434 incurrit.
1429 2379 1463 2434 Et
1481 2383 1529 2437 hac
1548 2385 1651 2440 ratione
1665 2389 1804 2458 probibuit
1816 2391 1886 2462 lmp.
1902 2415 1937 2450 ne

1167 2461 1228 2528 quis
1246 2463 1330 2532 legem
1350 2481 1383 2516 ex
1401 2465 1492 2520 codice
1512 2467 1691 2524 theodosiano.
1708 2475 1803 2528 Cenat.
1822 2479 1936 2536 Summo

1170 2549 1191 2607 ς.
1213 2558 1237 2597 ³.
1254 2548 1288 2602 de
1310 2549 1383 2602 Just.
1403 2552 1469 2606 Cod.
1488 2553 1621 2624 Confirm.
1641 2557 1679 2612 nd
1697 2559 1812 2613 Manca.
1824 2561 1933 2630 Caveat,

1169 2646 1203 2682 ne
1221 2649 1236 2681 a
1252 2632 1361 2688 acritate
1380 2635 1504 2699 decedat,
1519 2655 1552 2690 ne
1570 2641 1724 2706 mentiatur,
1739 2661 1773 2697 tte
1790 2646 1936 2702 calumnio-

1170 2729 1198 2766 se
1208 2711 1312 2786 alleget,
1324 2735 1357 2772 tte
1373 2711 1493 2792 perverse
1504 2713 1695 2794 interpretetur
1707 2726 1726 2778 l.
1740 2744 1797 2782 rem
1812 2749 1870 2786 non
1884 2751 1936 2786 tto-

1167 2815 1243 2854 vam.
1267 2811 1306 2852 tt.
1326 2809 1346 2863 §.
1363 2805 1479 2871 patroni
1499 2806 1528 2857 C.
1548 2805 1582 2860 de
1593 2807 1681 2876 judie.

1204 2885 1235 2937 ln
1254 2903 1350 2954 genere
1374 2905 1435 2942 reto
1455 2889 1553 2944 trustra
1578 2892 1717 2963 privilegia
1748 2913 1793 2950 sua
1812 2899 1936 2971 implorat

1167 2967 1318 3034 advocetur,
1338 2971 1360 3022 ai
1380 2972 1409 3021 in
1430 2989 1476 3023 suo
1490 2973 1631 3044 privilegio
1644 2971 1772 3033 etoificio
1791 2980 1937 3054 deliquerit

1168 3063 1234 3107 text.
1245 3053 1262 3105 l.
1279 3066 1319 3107 to.
1332 3056 1449 3125 quilibet.
1463 3059 1496 3112 C.
1510 3059 1543 3112 de
1555 3061 1732 3117 Decurionid.
1743 3066 1828 3120 Onna.
1841 3069 1860 3120 l.
1876 3071 1936 3123 Aa·

1167 3139 1276 3197 uilium.
1297 3153 1337 3194 11.
1347 3140 1389 3211 ff.
1408 3143 1441 3196 de
1459 3144 1559 3199 mittor.
1579 3147 1636 3200 imo
1655 3149 1828 3220 privilegium
1846 3156 1936 3206 omni·

1169 3243 1203 3278 no
1225 3237 1340 3281 meretur
1361 3228 1499 3295 amittere,
1518 3233 1563 3302 qui
1584 3235 1715 3302 permissa
1739 3233 1793 3287 sibi
1814 3235 1934 3292 abutitur

1169 3320 1302 3380 potestate
1321 3333 1343 3367 c.
1367 3326 1406 3367 tt.
1427 3333 1448 3368 c.
1472 3329 1512 3369 tt.
1531 3330 1635 3386 quaest.
1656 3332 1680 3372 t·
1706 3321 1815 3376 Decret.
1833 3321 1851 3374 1.
1872 3335 1896 3374 ⁵.
1913 3341 1936 3376 c.

1167 3405 1276 3448 tuarum
1294 3399 1328 3449 de
1341 3400 1432 3468 privil.
1450 3411 1477 3454 et
1494 3417 1598 3456 caeter.

1205 3481 1258 3532 liic
1277 3483 1365 3553 itaque
1384 3501 1497 3554 suppara
1517 3489 1614 3552 condo,
1630 3489 1735 3556 telaque
1748 3490 1935 3560 disputationis

1170 3561 1245 3618 meae
1264 3569 1398 3622 contraho.
1424 3573 1464 3626 Τιι
1487 3572 1613 3626 benevole
1631 3575 1726 3640 lector,
1746 3577 1775 3628 in
1802 3578 1936 3647 primitiis

1170 3649 1242 3704 hisce
1260 3651 1420 3706 academicis
1437 3673 1470 3708 ex
1496 3659 1577 3712 variis
1596 3661 1748 3713 auctoribus
1767 3661 1883 3716 wllectis
1907 3666 1934 3716 si

1168 3732 1256 3788 iuram
1282 3754 1417 3807 erravero,
1441 3753 1483 3795 tua
1509 3743 1673 3814 benignitate
1700 3747 1881 3814 condonabis,
1907 3763 1932 3802 te

1169 3839 1271 3891 quoque
1290 3823 1371 3877 simul
1400 3825 1535 3881 hominem
1556 3847 1613 3882 ease
1639 3831 1668 3883 in
1688 3834 1842 3885 memoriam
1860 3851 1935 3888 reto-

1168 3905 1255 3970 cubic,
1274 3925 1360 3979 neque
1378 3912 1445 3964 mihi
1465 3913 1550 3967 adbuc
1570 3917 1657 3981 juveni
1678 3915 1835 3970 bettebcium
1854 3922 1933 3974 reati-

1170 3989 1283 4047 tutiouia
1302 3995 1331 4047 itt
1350 3995 1481 4066 integrum
1501 3999 1555 4051 ullo
1573 4000 1715 4070 denegabis
1737 4012 1863 4074 ternpore.

1507 4171 1538 4224 S.
1559 4171 1591 4223 Ι).
1611 4173 1662 4226 ὓ.
