4424 6340
520 543 548 577 -t
974 529 1161 584 DISPUTAT.
1180 531 1229 585 ΙΙΙ.
1249 534 1366 591 CAPUT
1386 537 1434 592 tlt.
1871 551 1919 616 ,54

422 667 442 684 ,
466 652 505 694 ,a
525 653 591 686 ...m
609 623 809 696 „heimeradi
828 622 977 696 hospitibus
997 622 1060 676 inde
1079 623 1176 695 stipem
1229 635 1255 678 et
1279 629 1344 698 quid
1369 629 1469 700 negotii
1495 629 1563 702 ipsis
1589 635 1618 688 in
1643 637 1758 697 civitate
1782 645 1996 716 expeliurrdurue'

425 739 550 774 «wem
573 715 677 769 Qasr
694 707 812 760 tritecto
835 708 879 761 cit·
897 709 915 759 l.
940 727 964 762 c·
984 720 1008 760 8.
1035 727 1064 761 n.
1085 719 1125 765 1ο.
1149 719 1176 764 et
1229 711 1305 780 Quod
1329 713 1418 785 ipsum
1444 733 1546 786 quoquc
1571 720 1600 772 in
1624 721 1692 776 hene
1717 730 1870 782 constitutis
1890 733 1994 786 Rebus.

421 829 487 861 Μ,
1229 792 1301 864 publ.
1321 813 1349 848 ac
1370 795 1532 852 Civitatibus
1549 801 1686 861 observari
1708 811 1840 865 ridemus:
1859 813 1893 866 Et
1910 833 1941 870 eo
1954 835 1994 868 re

453 892 535 944 meo
550 874 736 940 stamedio,
757 874 948 928 Saeculariatns
970 873 1175 929 Directsriatus-
1227 877 1316 946 spexit
1332 897 1436 950 quoque
1460 883 1629 940 lastinianus
1654 893 1723 964 Imp.
1749 896 1777 947 in
1797 899 1992 965 elegantissima

409 989 460 1037 <aa
477 968 600 1018 suranae
615 957 737 1022 ostenti,
756 975 810 1012 non
831 958 975 1011 minimum
996 956 1075 1011 saciet
1095 975 1169 1013 accu-
1227 962 1437 1018 novellatae.
1460 977 1481 1018 1.
1501 967 1548 1020 ubi
1568 974 1705 1028 securitati
1724 977 1993 1052 Cottstantiuopolitar

411 1063 547 1103 „na-eru
576 1041 773 1116 cauponarum,
800 1041 1012 1112 Popinaruurque
1042 1041 1171 1096 visitatio.
1224 1061 1274 1097 nae
1292 1045 1367 1100 urbis
1386 1051 1536 1120 prospicere
1562 1055 1656 1122 voluit,
1681 1061 1744 1112 dum
1770 1072 1856 1116 certos
1873 1064 1989 1136 inquisi-

410 1132 517 1181 tronea
536 1125 564 1180 id
583 1123 828 1198 hequeutissimum
848 1125 1172 1192 ridemus,conrolarein
1225 1135 1294 1182 tores
1318 1147 1383 1200 qnos
1410 1135 1579 1190 Ereunadas
1602 1150 1675 1194 vocat
1701 1143 1787 1209 inibi,
1812 1147 1840 1198 in
1872 1149 1989 1219 praelata

409 1209 519 1279 Minis
538 1207 660 1264 botulum
678 1209 910 1276 scelemtissimos,
925 1212 1098 1281 praesertim,
1111 1227 1170 1264 cum
1222 1211 1287 1264 urbe
1307 1215 1463 1281 constituit,
1481 1220 1527 1288 qni
1546 1220 1574 1272 in
1594 1225 1736 1291 cujuslibet
1754 1229 1921 1286 adventantis
1941 1253 1989 1290 ue-

408 1292 477 1346 'tttibt
497 1291 530 1350 ad
548 1293 658 1358 luxum,
677 1302 703 1346 et
720 1294 772 1346 alia
790 1293 856 1348 vitia
875 1294 1013 1348 innumera
1033 1314 1096 1348 ansa
1108 1314 1169 1366 sup·
1221 1294 1292 1362 gotia
1311 1296 1449 1366 inquirant
1468 1315 1599 1369 accurate,
1619 1316 1646 1360 et
1662 1311 1758 1364 otiosis
1776 1313 1931 1369 hominibus
1944 1318 1990 1370 Ci-

405 1375 547 1449 patiretur.
571 1376 643 1433 Hinc
668 1377 741 1430 Patri
767 1377 896 1446 injuriam
921 1376 980 1432 fieri
1005 1381 1169 1434 existimarit
1221 1377 1330 1434 vitatem
1353 1394 1474 1452 purgent.
1501 1383 1634 1443 Actaeona
1659 1395 1738 1448 verbs
1762 1397 1935 1468 Imperatoris
1962 1401 1988 1454 cl.

408 1457 492 1516 lilius
512 1459 619 1526 Paulus,
633 1460 658 1514 si
676 1462 736 1532 quis
754 1457 841 1514 filium
860 1463 889 1514 iu
903 1464 1028 1534 popinam
1041 1463 1168 1518 deduxis—
1219 1463 1329 1514 Novell.
1344 1478 1387 1518 so.
1400 1485 1423 1518 c.
1446 1481 1468 1519 1.
1489 1467 1667 1539 Bergeutione
1687 1478 1797 1544 Pisano,
1810 1483 1850 1535 rel
1864 1485 1987 1552 quicum.

408 1545 493 1606 aet,l.
506 1543 533 1598 si
543 1541 708 1616 quiessff
722 1545 754 1600 ele
768 1546 850 1617 injur.
870 1547 993 1614 Scilicet,
1008 1565 1067 1601 cum
1082 1565 1168 1603 mores
1220 1563 1272 1616 que
1298 1546 1345 1600 ille
1366 1551 1485 1619 vulgatus
1514 1557 1700 1627 paraphrastes
1731 1561 1825 1635 luerit,
1855 1579 1985 1622 vertente:

407 1621 460 1680 iiiii
479 1627 612 1700 corrumpi
639 1629 676 1682 ita
700 1628 778 1683 facile
803 1631 921 1702 possint,
941 1633 963 1683 si
989 1631 1018 1683 in
1038 1633 1167 1703 Popioas,
1226 1633 1356 1686 Volumus
1381 1645 1473 1688 autem
1498 1639 1637 1710 cingulum
1664 1645 1794 1700 laedentes
1812 1649 1880 1716 leoc,
1903 1653 1986 1722 respi-

409 1709 454 1766 ott
474 1712 659 1766 sceleratorum
677 1713 817 1767 hominum
836 1714 975 1780 colluvies,
989 1714 1070 1767 taem
1089 1715 1168 1770 dedu·
1217 1712 1316 1769 cientes
1334 1717 1373 1768 ael
1388 1720 1495 1784 Deum,
1515 1734 1691 1799 nostramque
1707 1729 1832 1785 timorem
1846 1746 1872 1788 et
1884 1736 1983 1805 legem,

405 1803 471 1850 utus.
490 1796 547 1850 Imo
566 1797 595 1849 in
619 1797 756 1851 honestate
780 1817 833 1851 non
856 1799 956 1864 carnit,
977 1798 1167 1870 Caupouariarn
1218 1799 1354 1871 requirere
1370 1803 1409 1854 ad
1425 1822 1558 1876 magnam
1576 1811 1651 1864 lianc
1668 1811 1813 1868 Civitatem
1832 1819 1984 1885 venientes,

406 1879 486 1932 sitam
505 1879 617 1944 sectari,
632 1879 696 1932 hinc
713 1882 799 1936 Plato
819 1883 837 1934 l.
852 1892 891 1934 11.
903 1882 1049 1953 delegilus
1059 1885 1168 1954 speciali
1217 1903 1254 1936 ese
1270 1905 1438 1960 quacumque
1456 1893 1607 1948 Procincia
1620 1895 1691 1962 sint,
1708 1899 1804 1964 Viros,
1815 1903 1872 1954 sire
1889 1905 1984 1958 mulie·

407 1961 510 2018 sancito
529 1963 629 2016 edixit:
649 1965 735 2018 Nemo
749 1965 907 2038 optimatum
925 1966 1053 2020 Ciuitatis
1064 1986 1167 2038 caupo·
1217 1987 1272 2034 res,
1293 1981 1341 2024 aut
1364 1974 1497 2039 Clericus,
1511 1993 1560 2030 seu
1581 1981 1734 2034 Monachus
1752 1987 1795 2036 vel
1809 1988 1982 2054 Monacleas,

392 2044 469 2114 fiat,
487 2064 554 2117 qnae
571 2049 660 2102 omnia
686 2051 815 2120 prolixius
840 2051 946 2106 deducit
966 2051 1036 2104 Petr-
1056 2050 1166 2121 Gregor.
1214 2053 1270 2107 sire
1286 2067 1464 2110 externarum
1494 2060 1646 2116 civitatum
1664 2066 1826 2137 aduocatos,
1845 2085 1894 2126 out
1912 2077 1980 2130 ulu-

406 2129 514 2186 Tholas·
533 2136 674 2204 syntagm.
689 2134 739 2204 jur
759 2137 777 2188 l.
798 2149 840 2189 ss.
859 2154 882 2190 c.
902 2149 926 2188 t·
943 2137 1000 2188 Ima
1019 2135 1047 2186 id
1065 2153 1166 2205 quoque
1214 2139 1273 2192 rius
1289 2141 1622 2213 cujancumquesbrtunae
1635 2149 1676 2201 cel
1686 2151 1829 2221 dignitatis
1841 2157 1978 2227 exutam,

402 2221 458 2266 toto
477 2217 611 2287 contingit
628 2217 688 2284 die,
702 2220 771 2290 quod
783 2219 920 2290 carpones
932 2237 990 2271 cum
1006 2219 1163 2271 Saeculariis
1216 2231 1242 2274 et
1263 2226 1432 2292 perscrutari
1451 2227 1500 2298 qui
1520 2229 1590 2296 sint,
1610 2241 1659 2286 aut
1683 2235 1755 2290 unde
1780 2243 1912 2308 venerint,
1932 2257 1981 2299 aas

403 2299 536 2354 colludere
555 2303 668 2368 soleant,
688 2303 731 2356 his
749 2304 911 2374 receptacula
935 2301 1095 2373 praebendo,
1114 2319 1165 2372 quo
1215 2326 1269 2378 qua
1283 2311 1428 2364 occasione
1445 2321 1494 2366 etc·
1513 2313 1543 2368 si
1561 2314 1650 2384 itaque
1663 2317 1726 2372 haec
1739 2319 1893 2391 inquisitio,
1905 2343 1980 2397 prae-

403 2383 569 2439 oornmodiua
587 2405 630 2441 res
648 2386 762 2443 furtisas
780 2389 863 2442 celare
880 2387 999 2460 possint,
1013 2397 1110 2442 cartam
1131 2404 1163 2440 ex
1215 2391 1305 2444 sertim
1318 2394 1496 2448 nundinarum
1509 2404 1644 2467 tempore,
1658 2405 1803 2458 accuratius
1822 2407 1980 2478 aliquantis·

402 2481 432 2516 re
449 2466 550 2523 tuatim
563 2481 667 2544 partem
692 2473 760 2525 lucri
779 2472 981 2544 percipientese
1003 2470 1160 2524 Consultum
1214 2493 1263 2545 per
1289 2476 1471 2544 instituatur,
1498 2479 1522 2532 si
1548 2483 1706 2552 popinarum
1737 2488 1857 2560 hospites
1881 2497 1982 2550 arctius

400 2565 462 2619 ergo
488 2551 571 2620 toret,
596 2557 620 2609 si
645 2557 788 2627 inquisitio
813 2557 957 2610 accuratior
986 2555 1160 2620 instituatur,
1213 2560 1443 2628 constringantur,
1463 2569 1495 2614 ut
1513 2573 1541 2616 et
1558 2565 1586 2616 hi
1606 2567 1635 2618 in
1648 2568 1798 2640 hospitibus
1816 2576 1980 2648 recipiendis

400 2637 489 2704 quates
510 2637 623 2695 advenae
640 2643 668 2694 in
687 2641 793 2713 popinis
812 2639 993 2712 suscipiantur
1013 2651 1041 2694 et
1058 2651 1162 2695 susten·
1214 2646 1344 2698 delectum
1364 2647 1495 2711 babeant,
1515 2657 1543 2701 et
1562 2651 1585 2702 si
1604 2651 1669 2720 quid
1688 2656 1716 2707 in
1736 2657 1806 2723 illis,
1825 2680 1890 2732 quoe
1909 2682 1980 2718 reee-

399 2727 503 2788 tentur,
523 2733 550 2777 et
567 2723 590 2778 si
609 2726 766 2796 contigerit,
786 2725 815 2777 in
838 2724 964 2794 cauponis
981 2725 1096 2794 aliquem
1115 2745 1161 2796 pe·
1212 2740 1306 2799 perant
1324 2731 1459 2798 jam-iam,
1479 2730 1580 2784 fraudis
1597 2735 1837 2810 deprehenderint,
1855 2746 1905 2800 boe
1923 2760 1976 2802 era.

398 2803 484 2858 cuniis
503 2805 559 2859 suis
577 2809 686 2880 spoliari
697 2810 792 2864 durius
805 2808 874 2863 soret
886 2809 1160 2863 atrimsdrertcndum.
1214 2815 1263 2866 tim
1285 2814 1454 2882 htagistratni
1480 2815 1617 2883 delerant,
1643 2831 1670 2874 et
1696 2825 1719 2876 si
1743 2837 1846 2882 caetera
1871 2849 1975 2903 qnoque

330 2895 362 2936 tt
436 2888 487 2941 His
506 2891 600 2945 ultimo
618 2895 690 2960 loco,
710 2895 755 2949 sed
774 2911 827 2946 non
854 2894 977 2946 ultimum
996 2893 1158 2960 remedium,
1212 2900 1331 2970 superius
1346 2902 1479 2970 proposita
1493 2902 1609 2956 remedia
1621 2905 1811 2976 adhibeantur,
1825 2911 1903 2968 facile
1914 2935 1973 2971 aee.

398 2971 569 3041 subjicimus,
594 2977 1013 3048 diligentissimam·advenarum
1043 2979 1159 3050 inquisi·
1210 2985 1308 3037 loribus
1326 2984 1400 3037 bisce
1420 2986 1628 3041 Saccsdariorum
1647 2991 1972 3070 Directariornmqoeob.

397 3055 498 3110 tionem
518 3059 548 3112 in
567 3064 652 3133 portis
670 3063 875 3126 instituendam
894 3081 947 3117 uon
966 3065 1039 3117 enim
1057 3065 1160 3117 concul-
1210 3067 1277 3121 riari
1290 3085 1381 3138 posse,
1393 3087 1428 3122 ne
1441 3077 1529 3134 unta,
1540 3089 1590 3142 que
1603 3072 1729 3129 hactenns
1749 3077 1897 3150 frequentia
1914 3101 1975 3156 per.

396 3151 453 3193 tum
465 3141 493 3194 in
507 3144 644 3198 civitatem
663 3148 768 3218 quossis
779 3148 933 3220 peregrinos
951 3148 1084 3218 reciperer
1098 3149 1158 3201 Nisi
1209 3163 1363 3224 petreutur,
1383 3153 1486 3208 nemini
1504 3171 1557 3208 uon
1576 3167 1617 3211 cat
1634 3159 1815 3216 manifestum.

395 3228 546 3282 eonstiterit
565 3230 681 3300 primum
699 3231 769 3285 uude
794 3235 865 3298 siut,
880 3234 956 3303 eujus
978 3231 1157 3298 conditionis,

999 3429 1247 3500 CAPUT
1295 3435 1354 3501 lv.

451 3615 508 3682 De
532 3613 815 3684 Saeculariorum
839 3636 870 3684 et
887 3617 1167 3687 Directariorum
1188 3627 1323 3712 poenis,
1347 3638 1421 3689 torn
1438 3631 1577 3716 priscis,
1599 3654 1703 3722 quarn
1727 3633 1909 3704 modernis.

504 3795 509 3804 ὁ
572 3827 597 3876 S
616 3827 644 3878 U
658 3827 695 3877 dl
708 3825 745 3876 Π
755 3825 785 3877 A
803 3827 829 3878 n
847 3828 909 3879 IA
1201 3830 1400 3898 proponuntur
1414 3833 1549 3899 speciales
1565 3854 1681 3905 poenae·
1701 3857 1729 3892 n.
1748 3849 1787 3890 11.

1204 3915 1282 3980 Quae
1295 3932 1387 3984 paena
1404 3919 1544 3972 Saecular·
1557 3919 1658 3989 salsas
1681 3939 1782 3978 merres
1797 3942 1850 3994 pru
1868 3928 1942 3980 aen's

385 3975 450 4030 Non
468 3989 575 4033 tantam
594 3980 719 4036 remediis
735 3993 831 4036 cantm
850 3980 957 4047 delicta,
975 3983 1024 4036 sed
1041 3993 1067 4036 et
1082 4002 1147 4052 pae-
1233 3999 1429 4052 vendentium?
1446 4020 1475 4055 η,
1499 4012 1539 4056 η,

419 4061 463 4114 ιώ
479 4080 546 4134 opus
563 4075 611 4118 est.
630 4084 658 4118 n.
681 4078 703 4119 1.
1201 4081 1272 4148 Quid
1283 4083 1348 4151 jure
1365 4085 1524 4138 Carola'raa?
1541 4105 1570 4140 n.
1592 4099 1631 4139 ss.

384 4145 561 4214 &primitur
573 4168 664 4220 poena
681 4149 710 4203 in
730 4161 825 4204 nostm
842 4154 875 4205 l-
891 4161 1003 4206 statuta.
1024 4169 1051 4203 n·
1069 4161 1095 4201 t·
1200 4163 1272 4232 Quid
1286 4165 1431 4235 sistrisam
1449 4179 1588 4223 monetans
1607 4174 1788 4241 expendant?
1806 4193 1833 4225 n.
1854 4185 1896 4229 ta·

380 4233 433 4282 Est
449 4251 483 4283 ea
501 4231 660 4288 arbitraria.
678 4253 706 4286 n·
727 4247 752 4286 t.
1198 4249 1275 4314 Quae
1291 4268 1385 4318 paena
1404 4255 1616 4309 Zuntatorum?
1633 4275 1661 4308 n.
1682 4267 1724 4308 tt.

380 4315 555 4383 Propanisus
572 4317 643 4371 ratio
662 4316 815 4370 etotsemta'.
833 4337 860 4371 n.
882 4330 905 4371 t.
1197 4333 1273 4398 Quae
1289 4353 1382 4405 poena
1400 4337 1638 4407 Bursicoporum?
1654 4361 1683 4395 n.
1705 4352 1746 4394 tt.

378 4399 534 4454 Resolvitur
549 4401 652 4454 eadem
670 4421 698 4456 n.
719 4415 743 4452 s.
1192 4417 1240 4467 An
1256 4418 1363 4486 possint
1379 4421 1531 4490 suspendi?
1548 4441 1575 4475 n.
1596 4435 1638 4476 ts.

376 4485 796 4557 ConfirmatarSacculariarurn
807 4507 900 4558 poena
914 4489 1141 4545 arbitratione.
1195 4498 1268 4565 Quid
1283 4501 1322 4553 ad
1339 4505 1391 4557 hoc
1407 4505 1582 4574 requiratur?
1598 4525 1626 4560 n.
1649 4519 1690 4561 11.

380 4573 524 4638 Quaenam
543 4569 609 4623 alirn
624 4569 826 4640 poenasurum
833 4570 950 4641 suerit?
967 4595 996 4626 n·
1016 4585 1041 4624 7.
1191 4583 1248 4636 Dn.
1271 4587 1435 4656 Carpoaosii
1450 4589 1557 4659 opinio.
1575 4610 1605 4644 n.
1626 4603 1668 4646 ts.

375 4653 529 4707 Saecularii
540 4652 773 4724 graciassurihus
786 4657 928 4727 puniendi.
948 4677 976 4709 n.
997 4673 1021 4712 s.
1193 4670 1270 4735 Quae
1287 4671 1473 4726 examinatur.
1493 4693 1520 4725 n.
1542 4686 1584 4728 ts.

372 4739 497 4788 Possunt
515 4745 542 4787 et
559 4736 588 4789 in
608 4753 679 4807 opas
692 4740 830 4808 pullicum
849 4741 989 4796 damnari.
1009 4761 1037 4795 n.
1059 4756 1084 4796 s.
1189 4751 1341 4825 Fastigatia
1360 4754 1404 4808 lais
1419 4758 1601 4812 communiter
1616 4759 1742 4814 dietam
1761 4781 1789 4814 n
1812 4773 1853 4814 ss.

372 4817 462 4886 Hujus
476 4837 586 4887 poenae
600 4822 707 4890 species·
726 4843 754 4876 n.
777 4836 817 4879 tc.
1189 4837 1413 4908 Optimumsoret
1429 4841 1601 4914 Bursicopas
1621 4843 1662 4899 ad
1685 4863 1772 4915 opera
1792 4849 1901 4917 publica
1925 4863 1956 4904 et

377 4905 428 4952 An
452 4903 491 4952 ad
515 4913 619 4974 tempas
640 4915 749 4960 tantuna
779 4909 831 4961 laos
853 4911 954 4966 Poena
978 4909 1141 4984 adficiendi?
1221 4926 1372 4992 ergasteria
1390 4925 1582 4980 condemnare.
1600 4947 1629 4980 n.
1649 4939 1680 4980 11

411 5003 442 5035 ¹¹·
465 4999 505 5037 ¹¹·
1190 5007 1302 5062 Utilitas
1320 5009 1401 5080 hujus
1416 5029 1531 5082 poenae.
1552 5033 1581 5066 n.
1601 5025 1641 5066 ts.

369 5069 513 5140 Fasttkarl
528 5089 634 5144 qnoque
647 5089 770 5144 possunt.
788 5097 817 5132 n.
839 5091 879 5132 tt.
1189 5096 1250 5159 Qua
1273 5111 1361 5156 poena
1385 5095 1525 5166 adjutores
1549 5096 1772 5153 saeculariorum
1793 5099 1956 5168 puniendi?

374 5153 476 5220 Quales
494 5155 560 5208 laec
574 5176 666 5226 paena
683 5157 741 5212 sit?
758 5181 785 5216 n.
810 5177 849 5218 ts.
1222 5195 1250 5228 n.
1272 5189 1315 5231 sc.

371 5239 514 5304 Quomodo
532 5259 550 5292 a
557 5243 754 5314 flagellatione
769 5248 882 5319 destas?
900 5269 928 5305 n.
951 5263 989 5304 tt.
1184 5261 1334 5326 Deciditur,
1352 5262 1426 5332 quod
1439 5262 1505 5332 pari
1519 5282 1607 5332 poena
1626 5285 1653 5318 n.
1675 5281 1717 5322 st.

367 5325 416 5374 Ao
434 5321 718 5398 pastfiestigationens
738 5331 914 5390 dinaittendi?
931 5357 959 5390 n.
984 5351 1025 5390 ts.
1187 5347 1331 5414 Quomodo
1349 5351 1543 5418 Receptatares
1562 5351 1782 5408 saeculariorum
1798 5353 1956 5424 puniendi?

368 5407 471 5464 l'ltima
486 5429 577 5482 poena
598 5423 637 5468 est
656 5415 804 5488 delegatio·
824 5439 853 5474 n.
876 5433 915 5474 ts.
1222 5449 1251 5484 n.
1272 5443 1313 5484 31.
