4478 6350
458 561 509 618 ῃιι
946 541 1138 598 ntsrursr.
1157 544 1192 595 v.
1210 540 1327 597 canor
1346 543 1393 599 ιι.
1846 551 1899 622 27⁸

344 668 370 688 κ
392 657 475 702 ctum.
494 644 565 698 ilinc
585 643 638 698 Dal.
650 644 828 700 communiter
840 641 1007 710 distinguunt
1020 651 1104 694 certos
1115 657 1155 694 cs·
1209 638 1326 705 effectu,
1352 643 1375 694 si
1399 641 1517 696 dieamus
1542 643 1571 697 in
1597 643 1680 698 dubio
1704 645 1844 704 remissum
1872 657 1974 711 censeri

391 749 455 796 sus,
475 739 522 784 sut
539 729 611 783 enim
632 729 754 784 Moriens
773 728 888 798 injuriae
902 729 985 780 solum
1001 723 1157 780 memoriam
1208 725 1299 778 odium
1314 727 1463 796 privatum,
1477 741 1501 781 et
1517 729 1586 782 banc
1605 731 1792 786 remissionem
1809 735 1975 795 consessione

388 827 417 870 et
434 813 521 868 animi
535 812 710 868 offensionem
728 814 864 877 remittit,
882 813 930 867 bac
949 811 1157 866 iorteciausula:
1210 808 1383 877 Agonizantis
1397 810 1538 874 declarari,
1550 829 1616 880 quae
1628 812 1775 867 declaratio
1791 817 1826 869 ad
1843 818 1871 872 id
1896 818 1976 892 profi.

396 902 431 955 W
432 919 484 958 enu
498 915 530 952 er
541 897 619 954 einen
634 899 701 954 oder
716 899 768 954 den
783 898 890 953 endem
904 908 1029 954 ereurnet
1042 897 1100 952 aad
1110 895 1156 948 ie·
1208 893 1271 957 ciet,
1291 905 1317 947 ut
1340 911 1371 946 eo
1392 896 1534 948 certiorem
1553 911 1627 965 spem
1645 896 1678 950 de
1695 900 1779 953 salute
1798 918 1844 954 sua
1868 915 1927 975 post
1944 925 1975 962 κ

390 984 515 1056 maigeo,
534 1001 565 1037 ιο
586 983 665 1038 ,volte
677 985 781 1038 ,sumt
801 984 971 1053 Vemituag
980 983 1091 1053 petere„
1106 982 1156 1034 he·
1211 976 1357 1046 relinquat:
1377 997 1425 1032 nec
1446 989 1578 1050 praeterea
1593 981 1660 1034 ultra
1680 981 1857 1039 intentionem
1880 992 1974 1044 remit.

392 1069 459 1134 beer,
478 1065 648 1139 dergleichers
669 1084 700 1120 er
717 1069 785 1122 auch
801 1071 913 1139 gethea·
933 1078 961 1122 et
979 1085 1030 1121 non
1056 1064 1159 1118 intelli·
1213 1063 1296 1116 tentis
1315 1066 1391 1118 rerba
1405 1064 1637 1131 debentextendi,
1651 1069 1787 1122 carnalius
1805 1075 1977 1131 remissiones

395 1152 469 1222 gitur
487 1151 625 1204 remisisse
644 1150 803 1218 injuriarum
823 1149 971 1216 actionem,
996 1148 1041 1203 sed
1067 1148 1160 1200 odium
1209 1161 1235 1202 et
1252 1151 1468 1204 renunciationes
1492 1149 1662 1206 strictissime
1679 1153 1733 1208 sint
1751 1155 1977 1229 interpretandae,¹

392 1237 487 1288 saltem
505 1242 533 1286 et
552 1251 688 1288 rancorem
707 1234 792 1288 animi
816 1233 945 1304 abjecisse
970 1241 1108 1297 censetur,
1128 1228 1161 1282 ad
1213 1249 1261 1284 nec
1282 1233 1311 1286 in
1331 1233 1366 1286 iis
1385 1236 1505 1296 reniant,
1526 1235 1580 1287 nisi
1599 1253 1644 1302 ea,
1661 1255 1728 1306 quae
1748 1238 1777 1291 in
1803 1244 1894 1314 speeie
1915 1260 1980 1304 sunt

396 1319 467 1392 qnod
483 1320 549 1374 aliea
567 1315 683 1390 quilibet
699 1319 865 1374 Christianus
882 1318 1030 1387 obligatur,
1056 1335 1119 1370 can.
1137 1311 1164 1366 si
1213 1331 1345 1387 expresse.
1364 1321 1395 1372 L.
1413 1331 1468 1372 eres
1475 1318 1601 1387 fratres.
1619 1331 1660 1374 aa.
1668 1321 1709 1392 ff
1732 1325 1767 1379 de
1783 1340 1856 1396 pact.
1883 1333 1915 1386 L
1934 1337 1983 1404 qm·

397 1403 458 1478 quis
475 1404 662 1460 omittis-rasas.
686 1414 725 1456 to.
744 1403 806 1458 dist.
827 1414 870 1458 ιο.
887 1415 913 1457 et
932 1396 1163 1470 teoetnsrupmit.
1212 1419 1272 1452 curn
1286 1401 1428 1456 autoritas.
1449 1415 1473 1454 s.
1491 1399 1513 1474 5.
1529 1404 1577 1457 ult.
1596 1401 1629 1455 de
1646 1413 1779 1460 transact-
1798 1412 1835 1463 uti
1847 1412 1981 1484 eleganter

397 1508 460 1560 cup·
468 1489 528 1559 fin.
547 1491 574 1542 d.
593 1487 704 1541 Poenis.
723 1489 785 1542 dist.
806 1501 832 1540 s.
850 1488 962 1558 indeq3,
988 1487 1012 1540 si
1038 1501 1163 1550 reeonra-
1214 1482 1278 1536 haec
1304 1482 1398 1539 refutat
1421 1485 1535 1553 Magnis.
1556 1487 1588 1538 l).
1616 1485 1773 1558 Christoph·
1799 1492 1889 1550 Ilicbt.
1913 1509 1983 1553 eme

397 1574 494 1639 luerit,
513 1573 587 1626 illam
607 1573 768 1642 injuriarum
787 1573 917 1628 actionem
940 1572 1083 1624 instituere
1105 1569 1163 1621 nul·
1214 1569 1280 1636 Ileg.
1299 1567 1362 1620 sur.
1381 1578 1405 1619 ι.
1424 1587 1451 1622 rr.
1472 1581 1513 1620 tt.
1532 1569 1623 1638 Neque
1636 1569 1675 1640 (a)
1688 1591 1792 1642 quoque
1804 1576 1909 1632 arrianae
1921 1599 1985 1638 snae

398 1658 440 1710 lus
459 1657 631 1728 prohibetur,
650 1669 696 1710 aut
715 1659 863 1727 agonizans
877 1655 1042 1728 expresseris
1055 1653 1165 1710 Actione
1216 1649 1265 1703 boc
1286 1653 1365 1705 miralo
1385 1655 1453 1706 susle
1479 1653 1595 1708 consulit
1617 1655 1795 1724 Chrisianas,
1817 1675 1861 1718 sat
1882 1663 1985 1724 Christi

400 1741 564 1818 lrrjqriarum
582 1741 716 1812 loquitur,
734 1744 841 1813 illamq;
855 1742 1002 1796 adversario
1020 1737 1164 1800 condonat,
1214 1748 1383 1807 praeceptam
1403 1739 1613 1806 transgreditur,
1632 1741 1678 1810 qui
1698 1759 1730 1794 ex
1749 1754 1802 1797 toto
1820 1747 1911 1802 animo
1924 1770 1985 1821 pec-

401 1837 430 1878 et
447 1827 497 1879 hoe
516 1827 595 1880 modo
613 1828 730 1882 extincta
750 1831 828 1902 piane
851 1829 977 1890 hahetur,
1006 1825 1043 1877 ita
1067 1833 1097 1878 ιιι
1114 1840 1164 1875 nec
1215 1819 1288 1873 ximo
1307 1821 1420 1890 injurias
1438 1823 1585 1888 remittere,
1604 1834 1629 1876 et
1648 1845 1662 1876 ιι
1682 1824 1779 1878 litibus
1797 1827 1927 1886 abstinere
1947 1839 1988 1903 ju.

402 1911 493 1966 redire
511 1911 544 1965 ad
562 1911 636 1964 illam
656 1915 756 1984 possit,
772 1915 795 1967 si
809 1913 951 1966 sanitatem
970 1909 1166 1981 recuperaverit·
1216 1905 1273 1970 bet,
1291 1905 1321 1958 id
1339 1909 1411 1975 q..od
1435 1919 1460 1960 et
1485 1905 1604 1960 Canones
1623 1909 1727 1979 saepias
1751 1911 1894 1970 inculcant.
1921 1917 1985 1974 Cars-

404 1997 423 2048 t.
443 1995 591 2068 quaeritur.
617 2007 657 2050 tt.
676 1995 701 2069 ᾗ.
720 2011 745 2050 ι.
761 2000 795 2052 de
815 1999 895 2052 aredii.
915 1996 991 2050 edice.
1014 1997 1032 2047 i.
1051 1993 1166 2067 quires.
1216 1991 1777 2048 studendum.t.dist.an.etc.llludeuim
1792 2003 1987 2069 tanturnalrest,

405 2096 450 2135 stt.
468 2079 492 2154 S.
512 2101 616 2137 ereum.
637 2082 713 2153 off.
730 2086 757 2138 d.
773 2085 851 2136 solut.
866 2083 1048 2150 haynocene.
1064 2088 1088 2129 t.
1104 2079 1168 2132 ota.
1221 2087 1248 2128 ut
1265 2092 1314 2146 per
1332 2087 1448 2130 nostram
1470 2077 1624 2129 sententiam
1643 2097 1776 2148 quoquam
1796 2085 1874 2135 ruodo
1900 2085 1991 2140 immi·

409 2177 449 2219 ιο.
474 2167 631 2221 schneider.
650 2169 687 2221 nal
704 2166 882 2240 §.fin..l.de
899 2167 981 2236 injur.
1000 2161 1023 2236 5.
1039 2178 1062 2216 t.
1081 2163 1169 2236 ibique
1221 2171 1329 2224 nnana,
1351 2169 1395 2212 aut
1415 2159 1468 2230 ipsi
1494 2162 1690 2226 contrarietur,
1714 2172 1746 2214 ιιι
1769 2165 1919 2222 stabilietur
1945 2191 1991 2242 po-

412 2251 535 2306 tt‘esent.
554 2251 594 2304 lit.
612 2253 648 2305 E·
668 2252 813 2307 Vl'iihelm·
834 2249 953 2304 Ludwel.
968 2247 1065 2317 disput.
1082 2257 1121 2298 tt.
1133 2245 1156 2296 tl
1164 2279 1171 2294 .

407 2350 432 2388 s.
450 2337 490 2390 tn.
510 2339 547 2390 D.
564 2336 666 2390 Sirero
680 2335 804 2388 indubio
821 2349 969 2397 versemur,
979 2330 1110 2403 quodnam
1126 2331 1172 2382 ho·

408 2437 467 2472 rum
488 2422 642 2484 sitacium,
663 2421 737 2492 prius
755 2436 912 2490 sequemur,
938 2428 967 2471 ut
992 2416 1099 2468 scilicet
1117 2431 1171 2466 non

409 2506 467 2578 ipsa
479 2507 563 2572 actio,
583 2505 630 2558 sed
645 2503 804 2574 injuriarum
818 2515 918 2559 tantum
934 2499 1060 2554 memoria
1075 2498 1173 2551 suhtnr

339 2659 341 2666 Ι
407 2593 543 2654 rideatur,
564 2591 735 2645 &basidem
750 2603 775 2644 et
788 2588 877 2642 ludar.
896 2589 942 2642 dd·
960 2581 1173 2638 thesaurarit.

410 2687 435 2728 2·
460 2677 524 2730 Ver.
542 2675 634 2728 Resol.
656 2687 697 2727 tu.
715 2693 742 2726 n.
763 2686 787 2727 7.
872 2735 875 2742 ,

444 2759 516 2832 Neq3
538 2761 600 2812 haee
620 2760 751 2812 sententia
769 2771 856 2814 nostra
881 2757 995 2826 aliquam
1021 2753 1174 2811 absurdita-

408 2860 472 2911 tem,
493 2846 582 2900 minus
601 2845 780 2914 impietatem,
800 2843 884 2910 sotei,
903 2843 971 2913 quod
992 2840 1176 2909 enisnohjicil

410 2931 557 2985 ileinharrl.
579 2929 709 2983 Bacchus.
728 2931 765 2984 nd
782 2927 798 3002 ᾗ
809 2929 868 3002 fin.
882 2931 911 2982 J.
925 2932 960 2984 de
973 2927 1029 2998 Inj.
1042 2925 1070 2977 id
1086 2942 1175 2996 param

409 3015 488 3069 nobis
511 3016 589 3068 obest
612 3015 667 3086 (s),
695 3015 903 3082 Argumentatur
927 3015 977 3066 boc
1005 3010 1096 3064 modo:
1124 3009 1178 3079 Qui

408 3099 524 3170 ignoscit
550 3100 708 3168 injurianti,
735 3110 762 3153 et
784 3100 893 3152 remitit
915 3098 1076 3162 rindictam,
1103 3113 1179 3164 agere

410 3183 572 3254 injuriarum
592 3203 646 3237 non
664 3195 760 3256 potest.
775 3183 856 3254 Atqui
876 3183 920 3235 hic
938 3183 1066 3251 injuriam
1087 3197 1178 3250 passus
1198 3171 1200 3178 ⁴

409 3269 526 3337 ignoscit
536 3269 560 3322 ei
576 3268 691 3322 remittit
702 3266 856 3321 vindictam.
867 3268 972 3320 Etenim
987 3263 1179 3336 propositionis

409 3353 481 3405 lasne
503 3353 620 3422 assignat
634 3353 773 3406 rationem:
792 3352 918 3422 quoniam
932 3350 999 3404 actio
1016 3349 1178 3417 injuriarum

410 3453 464 3488 ason
477 3446 575 3507 spectat
589 3453 633 3498 eo,
653 3447 681 3489 ιιι
694 3433 849 3487 resarciatur
860 3435 988 3486 damnum
998 3432 1036 3484 rei
1051 3429 1178 3484 familiari

412 3519 519 3583 almum,
533 3518 578 3571 sed
592 3517 774 3572 advindictam
788 3515 964 3570 contumeliae
976 3516 1075 3568 illatae.
1087 3519 1120 3569 L.
1140 3529 1179 3569 ts.

1223 2243 1293 2308 tius,
1311 2257 1337 2298 et
1354 2261 1446 2297 omnes
1465 2245 1549 2296 animi
1576 2245 1737 2298 oileusiones
1761 2265 1858 2304 exuere
1877 2254 1990 2308 docean-

1224 2337 1278 2382 tur·
1292 2331 1350 2384 Huc
1367 2347 1442 2393 rero,
1458 2329 1495 2384 uti
1512 2331 1547 2382 de
1560 2329 1655 2382 litibus
1670 2341 1768 2386 temere
1783 2343 1887 2388 tantum
1898 2350 1922 2390 et
1932 2342 1992 2394 siue

1223 2417 1290 2483 justa
1310 2431 1388 2468 causa
1401 2416 1524 2468 serendis
1538 2428 1577 2470 est
1590 2433 1622 2468 ex
1640 2417 1821 2482 audiendum,
1834 2439 1887 2476 sec.
1900 2425 1989 2478 Glors.

1223 2500 1252 2552 in
1274 2503 1302 2556 C.
1320 2501 1347 2554 si
1363 2500 1387 2553 is
1404 2501 1453 2572 qui
1472 2513 1503 2554 ea
1534 2518 1619 2555 censo
1642 2511 1683 2552 τι.
1703 2523 1747 2574 qu.
1762 2511 1784 2556 t.
1799 2504 1836 2556 ita
1849 2505 1912 2560 lites
1924 2510 1996 2576 juste

1224 2588 1347 2658 prosequi
1366 2588 1480 2640 minime
1500 2587 1630 2656 impedit:
1649 2586 1820 2654 Evangelium
1833 2592 1907 2644 enim
1922 2593 1993 2648 Poli-

1226 2672 1298 2724 titias
1309 2689 1362 2724 uon
1377 2671 1476 2734 abolet,
1491 2673 1538 2724 sed
1551 2669 1632 2738 justis
1651 2671 1749 2724 mediis
1761 2672 1911 2728 vindictam
1925 2693 1997 2734 mera

1226 2765 1283 2820 cet,
1303 2757 1390 2826 Marq.
1409 2754 1518 2810 Freher.
1536 2756 1584 2809 tit.
1605 2765 1629 2806 2.
1647 2758 1681 2810 de
1700 2755 1818 2810 existim.
1838 2777 1861 2812 e.
1882 2773 1906 2811 a.
1922 2781 1953 2815 n.
1973 2775 1997 2816 a.

1226 2841 1352 2895 Timaeus
1370 2842 1463 2896 Faber.
1481 2845 1519 2896 D.
1540 2853 1584 2895 ts.
1602 2843 1641 2894 th.
1664 2853 1703 2896 tn.
1724 2842 1840 2896 Ludwel.
1858 2847 1927 2914 disp.
1956 2861 1995 2902 ts
2103 2855 2106 2862 '

1227 2925 1265 2978 tir.
1286 2937 1311 2978 7.
1329 2925 1368 2978 lit.
1387 2928 1414 2980 d.
1433 2926 1530 2998 infin.
1549 2927 1583 2980 Et
1608 2925 1754 2980 vindicatio
1779 2933 1927 2986 auctoritate
1946 2954 1996 3005 pu·

1228 3013 1313 3078 blica,
1332 3025 1356 3068 et
1374 3013 1506 3068 accusatio
1523 3023 1600 3066 actus
1619 3023 1660 3066 est
1679 3014 1809 3081 justitiae,
1829 3015 1849 3066 i.
1868 3033 1891 3068 e.
1914 3020 1997 3074 rirtu·

1231 3097 1280 3161 tis,
1298 3100 1345 3167 qui
1363 3097 1518 3170 prohibitus
1537 3117 1593 3151 non
1612 3108 1668 3160 est,
1680 3099 1727 3150 sed
1743 3100 1904 3168 permissus,
1918 3104 1999 3158 modo

1230 3181 1301 3233 nihil
1318 3177 1366 3234 fiat
1383 3183 1552 3245 immaniter,
1573 3183 1643 3235 nihil
1662 3182 1856 3246 inhumaniter,
1872 3184 1942 3239 nihil
1956 3205 2003 3240 uo-

1231 3266 1309 3317 cendi
1329 3265 1492 3336 cupiditate,
1511 3263 1557 3318 sed
1575 3266 1667 3319 omnia
1684 3265 1842 3320 mandendi
1854 3267 2000 3336 charitate,

1229 3352 1302 3406 Cura.
1313 3353 1430 3419 prodest.
1447 3361 1470 3401 ι.
1489 3366 1566 3405 auus.
1586 3361 1630 3402 ιι.
1642 3372 1668 3421 q.
1682 3363 1706 3402 s.
1722 3350 1816 3404 Didae.
1832 3350 2000 3415 curaretis.

1233 3448 1257 3489 2.
1276 3453 1339 3490 vor.
1359 3453 1409 3490 res.
1429 3454 1453 3490 e.
1475 3447 1515 3488 tn.
1534 3453 1562 3487 n.
1583 3445 1606 3484 t.
1625 3433 1659 3487 Et
1678 3434 1741 3487 licet
1760 3433 1915 3488 forsan-tali
1937 3457 2000 3490 casu

1231 3519 1336 3573 arsimus
1355 3520 1467 3573 bumana
1487 3517 1628 3589 iragilitate
1642 3518 1670 3571 in
1683 3517 1805 3572 affectum
1819 3520 1934 3590 aliquem
1948 3525 1999 3576 ad·

413 3601 437 3673 5.
459 3612 499 3654 te.
519 3602 544 3653 Ιι.
564 3613 583 3655 r.
604 3603 694 3667 ilinc,
713 3601 823 3655 remissa
840 3602 902 3654 licet
920 3600 1031 3668 injuria,
1043 3597 1127 3655 adhuc
1143 3611 1179 3655 ta·
1232 3621 1321 3659 versus
1341 3621 1415 3658 reum
1433 3605 1549 3670 labatur,
1569 3605 1592 3656 si
1618 3615 1706 3657 tamen
1726 3603 1843 3656 intentio
1863 3603 2001 3675 principa·

412 3702 525 3738 menes
546 3686 575 3739 t„
595 3687 684 3756 nquit.
701 3686 743 3755 agi
763 3703 848 3756 posse.
866 3686 925 3739 dl.
942 3688 1180 3755 Verumuthlajo-
1231 3689 1265 3742 lis
1284 3699 1357 3742 recta
1376 3690 1427 3751 sit,
1446 3707 1500 3742 non
1520 3688 1619 3742 exinde
1643 3688 1731 3742 statim
1758 3687 1853 3756 culpae
1879 3693 2003 3744 mortalis

411 3785 483 3832 ΝΜ,
501 3769 611 3840 eiusque
636 3771 764 3825 rationem
791 3781 868 3826 totam
895 3789 973 3840 quarn
995 3769 1181 3824 lubentissime
1230 3793 1290 3828 reus
1309 3785 1351 3828 est
1368 3770 1812 3844 argarendus.ssorarrur.d.1.Sic
1828 3789 2000 3844 nequeprae·

413 3855 556 3908 concedere
575 3873 726 3928 possumus,
746 3857 785 3908 sic
802 3865 893 3909 contra
912 3866 1077 3926 assumptum
1102 3874 1178 3926 nega-
1230 3871 1296 3914 terea
1314 3855 1417 3922 officii,
1437 3860 1535 3928 vulgata
1554 3859 1658 3925 regula:
1676 3857 1747 3926 quod
1765 3857 1827 3926 quis
1844 3859 2000 3912 abalioes·

414 3955 487 4004 mus,
506 3943 577 4008 quod
597 3943 723 4010 injuriam
743 3957 834 4010 passus
851 3958 955 4012 semper
973 3941 1117 3995 vindictam
1143 3943 1179 3994 le·
1230 3953 1331 4013 pectat,
1351 3944 1381 3996 id
1400 3942 1472 3995 idem
1485 3961 1587 4014 quoqne
1597 3942 1684 3996 eidem
1698 3951 1827 4012 praestare
1841 3943 1944 3998 debere.
1960 3947 2000 3998 hb

412 4023 490 4092 gibus
509 4027 667 4098 permissam
686 4025 822 4091 remittat,
843 4026 964 4078 simodo
990 4043 1018 4078 se
1042 4026 1179 4094 ignoscere
1230 4028 1291 4082 aliia
1309 4038 1397 4081 autem
1416 4027 1444 4081 in
1458 4027 1554 4080 mortis
1568 4025 1725 4081 discrimine
1743 4028 1900 4081 constitutas
1919 4047 1999 4098 expe-

412 4111 561 4166 offendenti
579 4111 659 4166 dicat.
677 4111 713 4164 Et
730 4111 828 4165 deinde
841 4109 926 4163 adhuc
936 4113 1002 4180 ipsa.
1017 4108 1044 4160 L.
1059 4109 1181 4178 Aquiliae
1230 4125 1282 4168 ctat
1292 4111 1473 4166 omnimodam
1487 4111 1674 4164 remissionem
1693 4113 1885 4181 cujuscumque
1904 4112 1998 4166 debiti.

413 4202 484 4253 actio
501 4199 616 4269 aliquam
635 4196 772 4251 interdurn
792 4199 921 4268 importat
944 4193 1090 4248 vindictam
1117 4212 1177 4264 pro-
1231 4199 1338 4251 Etenim
1359 4197 1478 4268 etipsum
1495 4197 1759 4250 omnecommissurn
1771 4196 1826 4265 ipsi
1838 4199 1945 4265 penitus
1963 4217 2001 4252 re·

414 4295 476 4353 pter
493 4283 618 4336 damnum
637 4283 670 4334 ab
688 4281 835 4349 injuriante
856 4279 976 4346 illatum,
1002 4296 1067 4350 quse
1094 4288 1181 4332 tamen
1232 4281 1427 4346 mitterealecet;
1440 4281 1537 4351 accipit
1550 4276 1776 4351 enimpraeiatum
1788 4280 1893 4334 asinum
1905 4281 1939 4334 D.
1954 4284 2000 4337 tti-
2046 4311 2051 4320 ·

414 4370 489 4437 juata
507 4366 648 4420 Bacchorii
666 4376 783 4419 mentem
801 4364 897 4418 itidem
923 4381 972 4436 per
995 4363 1180 4419 remissionem
1232 4366 1284 4420 cbt.
1304 4363 1330 4418 d.
1350 4367 1417 4434 Reg.
1436 4365 1499 4418 Jur.
1520 4373 1543 4413 ²·
1564 4383 1592 4419 n·
1613 4375 1655 4418 ts·
1675 4363 1709 4417 de
1728 4363 1833 4418 casibus
1851 4384 1865 4417 a
1884 4365 2001 4434 legeex-

415 4453 571 4510 moribundi
590 4451 648 4506 tolli
666 4451 790 4515 deberet,
807 4449 878 4520 quod
898 4458 986 4502 tamen
1008 4447 1135 4502 Bacchor·
1154 4450 1180 4504 d.
1231 4467 1325 4522 presse
1342 4449 1501 4521 prohibitis,
1521 4457 1549 4500 et
1565 4450 1674 4518 quande
1692 4447 1830 4521 prosimus
1849 4449 1908 4503 sine
1932 4451 2003 4516 justa

413 4541 465 4592 loc.
485 4557 538 4593 non
552 4536 685 4591 coneedit:
700 4531 912 4605 sufficitigitnr,
929 4533 958 4586 id
970 4534 1040 4605 quod
1052 4543 1094 4588 est
1107 4553 1182 4606 prae·
1232 4551 1311 4589 causa
1327 4533 1460 4598 laeditur,
1478 4533 1546 4586 actio
1562 4549 1625 4588 vero
1642 4533 1803 4600 injuriarum
1821 4547 1883 4586 eum
1903 4534 2002 4587 nullihi

412 4627 520 4696 cipuum
538 4623 677 4696 perillam
696 4623 768 4686 toth,
787 4619 879 4673 odium
897 4619 1027 4671 nimirum
1052 4629 1078 4671 et
1096 4619 1181 4673 aninsi
1231 4620 1379 4692 reperietur
1397 4617 1546 4690 prohibita,
1568 4617 1623 4670 imo
1646 4617 1721 4670 oanni
1745 4619 1832 4688 potius
1855 4619 1916 4686 jore
1940 4635 2002 4672 cone

412 4727 562 4772 rancorem,
581 4726 633 4778 qno
652 4715 777 4760 manente
795 4714 919 4758 aeternae
931 4701 1111 4756 damnationis
1123 4721 1184 4758 reus
1232 4713 1364 4776 cessa,¹et
1380 4701 1494 4772 quilibet
1505 4701 1558 4754 sibi
1571 4700 1701 4772 imputare
1716 4701 1827 4764 debeat,
1840 4697 1912 4769 quod
1925 4701 2003 4771 prius

412 4794 564 4848 alliceretur
583 4793 709 4845 moriens·
730 4793 867 4855 Alterum,
884 4789 955 4861 quod
973 4787 1051 4841 nubis
1071 4790 1183 4861 opponit
1232 4793 1342 4847 alterurn
1361 4785 1521 4852 offenderit,
1541 4786 1606 4840 hinc
1625 4803 1673 4840 nec
1692 4787 1832 4855 quisquam
1852 4781 1886 4836 de
1905 4784 2002 4837 dansno

417 4877 592 4944 Bacchus-ins,
612 4887 664 4942 est,
682 4877 754 4946 quod
770 4887 859 4930 stante
883 4879 931 4931 hae
953 4877 1087 4932 sententia
1112 4878 1183 4933 nihil
1231 4878 1273 4933 rel
1289 4875 1386 4930 violato
1403 4879 1543 4944 praecepto
1562 4869 1648 4922 mutui
1673 4869 1772 4923 amoris
1798 4868 1926 4938 conqueri
1950 4885 1996 4919 ne·

415 4973 485 5015 esset
503 4972 607 5026 aetum,
628 4971 655 5014 et
671 4961 750 5014 rerba
770 4978 829 5013 cum
848 4961 941 5016 ellectu
952 4961 1104 5034 accipienda
1118 4981 1182 5019 esse.
1233 4978 1306 5017 cesse
1324 4959 1409 5012 babet.
1428 4959 1461 5009 L.
1481 4956 1580 5010 nultus.
1596 4967 1637 5008 5⁵.
1652 4965 1677 5008 et
1690 4953 1848 5022 Lsuetum.
1869 4966 1925 5006 tas.
1941 4971 2000 5008 nnn

415 5064 474 5116 erg.
489 5047 506 5097 l.
520 5063 595 5116 ager.
613 5057 635 5096 t.
648 5052 669 5108 §-
683 5044 771 5115 quiin
789 5057 959 5114 perpetuam.
984 5047 1057 5118 effi
1074 5047 1186 5118 ringer
1233 5045 1352 5104 videtur.
1375 5055 1396 5096 ι.
1406 5041 1447 5112 ffi
1465 5039 1499 5096 de
1518 5043 1583 5110 neg.
1603 5040 1633 5091 J·

417 5131 515 5202 sactig.
533 5133 634 5186 Verum
653 5147 736 5200 neque
754 5130 868 5183 clausula
887 5131 948 5184 baec
967 5147 1013 5186 suo
1027 5129 1184 5188 destituitur
1278 5203 1283 5209 ι
