4504 6344
499 493 550 563 ⁵7³
979 489 1172 548 ntsrurtr.
1183 490 1228 546 ιι.
1242 489 1360 548 ctuur
1377 492 1426 548 ιιι.
1881 493 1930 564 ⁵74
1990 509 1995 526 ·

419 589 518 644 Excell.
537 588 590 640 Dn.
608 585 734 642 libetium
753 585 827 640 actio
854 585 937 642 aversi
963 583 1092 656 periculi,
1110 581 1181 653 quod
1230 594 1319 655 quota.
1339 585 1470 640 santerna
1486 584 1516 640 in
1533 595 1611 640 tract.
1630 585 1663 640 de
1681 587 1779 658 Spina.
1797 587 1902 641 ιιίιιιιιι
1920 608 1949 660 p.
1972 603 1997 644 s.

419 673 527 745 quidam
544 679 710 725 ooutructtnn
728 669 811 723 eversi
829 669 941 742 periculi
960 667 1182 733 nominaverunt,
1232 687 1260 722 n.
1283 679 1324 722 2ιι.
1342 681 1369 723 et
1387 681 1430 724 tt.
1448 669 1598 742 lilarqnard.
1617 670 1726 741 dejure
1745 679 1858 726 mercat
1877 671 1895 724 1.
1915 684 1939 725 t.
1971 691 1996 728 c.

420 769 446 817 ut
464 758 534 826 ung.
552 753 665 808 Grotius
682 753 717 807 de
737 755 767 805 J.
786 754 820 806 B.
838 765 865 808 et
882 756 919 807 Ρ.
937 752 955 806 1.
969 762 1029 806 ne.
1047 761 1086 804 ιι.
1106 769 1136 804 ιι.
1158 760 1181 803 ι.
1237 761 1276 806 ιι.
1297 772 1327 806 ιι.
1349 765 1391 806 ιι.

416 837 511 910 infin.
524 840 598 910 Quae
616 837 721 906 utrique
739 846 767 890 et
784 845 946 903 assecurato,
964 844 993 889 et
1014 834 1182 888 ementati
1269 834 1321 890 Sed
1343 833 1409 906 quid
1434 836 1457 890 si
1484 835 1515 889 ia
1537 834 1609 890 ostio
1628 845 1719 906 partus
1739 836 1910 907 trajiciuntur
1927 853 1999 890 mer-
2040 844 2076 889 st

419 922 556 993 competit.
572 921 621 974 llle
638 920 693 989 agit
708 920 741 973 ad
758 920 968 974 aestimationem
986 919 1119 972 merciam
1139 932 1183 970 as·
1231 937 1274 974 ees
1293 920 1322 972 in
1341 920 1483 991 soaplurn,
1499 937 1535 976 an
1553 919 1579 974 si
1596 931 1703 992 pereant
1720 937 1820 976 ιιιιιοω
1845 922 1876 974 in
1899 919 2000 992 scapha

415 1018 608 1070 securatarum,
628 1021 658 1056 ac
676 1013 829 1074 sumptuum
847 1005 957 1074 insuper
982 1002 1114 1056 factorum
1138 1017 1199 1054 re·.
1232 1002 1382 1074 praedicta,
1397 1013 1502 1058 tenetur
1514 1001 1804 1071 asseeuratoriliterae,
1817 1005 1875 1058 site
1886 1003 2001 1076 apochae

416 1089 567 1156 lusionem,
586 1089 610 1142 ai
627 1103 688 1142 cusu
707 1086 819 1142 fortuito
837 1087 977 1157 perierint.
995 1083 1018 1136 E
1035 1097 1184 1141 transuerso
1230 1087 1454 1154 assecurationis,
1471 1105 1537 1159 quas
1549 1086 1663 1158 pollines
1678 1087 1818 1142 nominant
1829 1097 2002 1153 mercatores,

414 1175 461 1228 hic
480 1183 585 1226 tenetur
602 1170 635 1224 ad
654 1171 801 1242 praemium
821 1169 973 1228 ιοιιιιιιιιιιιι
992 1187 1052 1223 eum
1066 1168 1185 1222 interes·
1233 1173 1348 1229 iohann.
1365 1173 1518 1243 Marquard.
1535 1174 1569 1228 de
1580 1172 1639 1242 jun
1653 1173 1803 1227 Herenni·
1825 1183 1851 1226 2.
1871 1190 1895 1226 r.
1918 1183 1958 1226 te.
1977 1189 2007 1226 ιι.

419 1275 463 1320 ιι,
481 1267 509 1308 et
527 1255 624 1308 damno
641 1253 786 1324 liquideto,
804 1253 858 1308 rid.
875 1254 976 1307 Eaeelt
995 1254 1049 1308 Do.
1068 1253 1184 1306 llhetius
1236 1267 1278 1310 ιι.
1289 1255 1472 1328 inspiciendae
1485 1267 1550 1312 sunt
1562 1273 1609 1328 per
1628 1256 1645 1308 l.
1670 1267 1715 1308 tt.
1725 1253 1767 1326 Ι.
1785 1255 1819 1310 tie
1837 1254 1915 1310 ueri·
1934 1251 2007 1308 attt-

418 1339 559 1404 d.dr'sp.c
574 1347 598 1386 ι.
618 1339 653 1388 th.
669 1338 752 1388 stubi
772 1340 904 1402 elegantes
923 1337 1015 1398 hahet,
1033 1355 1085 1402 qun
1112 1347 1184 1384 tena-
1231 1351 1287 1408 gat
1306 1358 1368 1390 narn
1386 1343 1410 1390 si
1427 1342 1576 1406 pericnlum
1594 1341 1623 1390 in
1648 1357 1679 1390 se
1703 1338 1838 1408 receperit
1865 1355 1898 1392 eo
1921 1353 2008 1406 utque

415 1436 482 1492 pore
494 1425 663 1473 assecuratus
674 1431 750 1484 agere
764 1416 863 1480 ualeat,
875 1414 1008 1486 quomodo
1018 1431 1110 1468 nasum
1123 1431 1185 1486 pro·
1235 1436 1335 1474 meroes
1351 1420 1382 1472 in
1400 1429 1470 1475 tetra
1487 1421 1626 1492 expositae
1643 1417 1756 1486 tuerint,
1769 1430 1832 1476 tnnc
1845 1423 1965 1490 jactura,
1982 1431 2009 1476 et

414 1503 481 1560 hm
501 1500 607 1566 debflia
628 1510 656 1554 ⁸²
673 1498 782 1555 libella!
801 1498 956 1552 formandus
976 1500 1026 1553 til?
1046 1497 1117 1554 tons·
1135 1502 1184 1554 ³⁰·
1234 1521 1308 1558 meus
1325 1503 1357 1558 iu
1375 1505 1469 1576 scaplta
1488 1505 1648 1574 contingens
1664 1501 1744 1558 debet
1753 1504 1865 1576 perinde
1877 1503 2002 1571 indicari,

417 1587 481 1642 han.
494 1583 647 1656 Marquard.
659 1585 764 1656 dejure
776 1583 888 1637 uncae.
899 1584 917 1638 l.
934 1594 958 1634 ²·
971 1600 993 1638 a·
1005 1591 1047 1634 ¹³·
1061 1599 1090 1634 n·
1105 1593 1148 1633 Η·
1159 1591 1188 1636 ei
1234 1605 1265 1643 ao
1283 1589 1307 1643 si
1324 1589 1479 1658 contigisset
1495 1589 1526 1644 in
1544 1589 1605 1660 ipsa
1621 1587 1683 1644 nati
1700 1590 1720 1642 1.
1735 1596 1759 1642 s.
1767 1585 1809 1658 Ι.
1821 1589 1854 1642 de
1866 1590 1898 1642 L.
1911 1586 2002 1642 ntus.

418 1688 492 1744 seqq.-
505 1668 540 1724 Fi
553 1668 619 1724 heve
631 1668 705 1722 ,acuo
723 1676 813 1721 00¹¹l¹¹
835 1673 1016 1719 ”mmmm
1035 1661 1128 1732 dnus,
1145 1673 1186 1718 ⁸³·
1238 1675 1272 1728 de
1283 1673 1352 1743 jace.
1370 1673 1552 1730 exonerandae
1569 1673 1643 1728 enim
1654 1671 1731 1728 naria
1745 1687 1823 1726 causa
1837 1672 1867 1725 in
1881 1672 2009 1744 anaplum

418 1755 501 1810 iamsi
520 1769 624 1808 merces
640 1753 673 1806 in
690 1752 737 1806 illa
754 1751 816 1806 navi
841 1767 897 1804 non
922 1747 1080 1812 extiterint,
1107 1763 1187 1818 super
1234 1757 1375 1809 matam
1395 1766 1474 1822 mne,
1494 1757 1553 1813 ,fine
1571 1773 1623 1828 qu.
1641 1771 1744 1810 mm,
1757 1755 1787 1810 i„
1806 1763 1905 1808 aarum
1918 1753 2007 1809 deser.

420 1859 471 1914 que
489 1846 653 1893 contractum
679 1836 751 1892 ltnnc
780 1836 920 1901 inierunt,
952 1833 1032 1905 idque
1054 1831 1084 1886 in
1113 1832 1186 1886 iaro-
1234 1837 1261 1890 ri
1278 1848 1426 1910 nequeunt:
1447 1838 1498 1894 Sin
1515 1839 1566 1904 ita,
1587 1856 1669 1910 usque
1685 1838 1762 1894 neeis
1775 1839 1951 1909 adeuntque
1964 1855 2006 1892 se-

421 1942 480 1978 rent
516 1921 722 1988 assecurantis,
755 1930 781 1974 et
812 1919 1006 1990 praejudicium
1044 1919 1187 1973 essecarati
1234 1938 1296 1978 ena-a
1314 1924 1348 1977 ad
1366 1934 1473 1996 portum
1491 1925 1601 1996 appulsa
1618 1924 1667 1989 sit,
1683 1941 1764 1978 omne
1782 1923 1928 1995 perieulum
1947 1938 2003 1976 ces·

421 2009 486 2062 iulia
510 2007 654 2064 assemutis
680 2007 698 2060 ι.
719 2017 761 2060 tt.
770 2004 813 2073 Ι.
832 2005 865 2060 de
882 2015 935 2060 act.
955 2015 1034 2075 empt.
1060 2014 1087 2058 et
1105 2004 1184 2058 vend.
1234 2009 1368 2080 aat,qnie
1387 2009 1437 2063 hoc
1456 2026 1519 2062 casn
1541 2007 1722 2079 appellatione
1747 2007 1824 2063 naris
1848 2024 1903 2061 non
1927 2006 2004 2062 venit

419 2094 512 2164 arg-1·
537 2104 576 2146 ¹³·
595 2099 617 2154 i
637 2095 707 2146 Item
732 2091 869 2144 Julianus
888 2103 912 2143 t·
935 2085 977 2160 Ι
1007 2089 1033 2142 d.
1066 2089 1106 2142 tit.
1138 2091 1185 2144 Jo-
1235 2093 1332 2166 seapha
1349 2097 1367 2148 1.
1377 2096 1435 2167 fin.
1445 2095 1487 2166 Ι
1505 2093 1538 2148 de
1556 2095 1679 2149 instruct.
1704 2095 1747 2148 uel
1770 2095 1895 2148 instrum.
1921 2095 2002 2166 legat.

420 2181 502 2232 hano.
528 2175 680 2247 Marquard
704 2175 731 2229 d.
749 2183 828 2230 tract.
851 2175 884 2229 de
901 2174 960 2245 jur.
983 2176 1099 2229 Mercat.
1122 2175 1140 2228 l.
1160 2184 1183 2226 2.
1234 2178 1297 2233 add.
1310 2181 1329 2232 l.
1344 2191 1384 2233 ιι.
1397 2187 1419 2244 ς.
1436 2189 1458 2232 t.
1469 2177 1510 2251 ff
1531 2179 1613 2233 inem.
1634 2180 1767 2234 Sanum
1785 2177 1819 2233 de
1835 2180 2003 2252 spons-dp.

420 2283 443 2318 c.
466 2275 505 2317 tt.
524 2282 551 2317 n.
572 2275 616 2316 to.
633 2272 660 2314 et
675 2277 748 2331 seqq.
772 2259 833 2330 quia
855 2257 971 2328 pecunia
996 2257 1073 2310 datur
1092 2257 1179 2311 ratio·
1236 2280 1260 2323 ι.
1280 2285 1310 2320 η,
1330 2275 1372 2320 ιι,
1390 2275 1418 2319 02
1439 2277 1480 2320 tt.

417 2369 453 2405 ne
482 2350 621 2422 periculi,
655 2347 679 2402 si
705 2347 788 2416 igitur
814 2345 962 2417 periculum
992 2343 1077 2410 ideo,
1114 2343 1187 2416 quod
1270 2349 1415 2403 (lorouidis
1433 2351 1491 2406 loco
1511 2349 1563 2405 ait:
1581 2346 1745 2404 beneficium
1762 2351 1781 2402 ι.
1802 2361 1827 2402 2.
1845 2349 1878 2406 C.
1903 2349 1937 2404 de
1959 2366 2003 2403 re·
2041 2357 2073 2401 et

425 2448 558 2492 mercator
580 2451 680 2488 meroes
700 2434 729 2486 in
748 2433 794 2486 illa
818 2441 947 2486 conuenta
969 2431 1031 2484 naui
1064 2448 1117 2484 uon
1141 2431 1187 2484 ha·
1233 2433 1603 2490 antecantamenta
1620 2443 1759 2488 oontractu
1776 2435 1862 2487 locum
1881 2433 1935 2487 ribi
1949 2449 2003 2486 non

419 2525 503 2586 buit,
527 2519 646 2575 accidere
669 2535 723 2572 non
748 2517 857 2590 potuit,
882 2528 969 2572 tamen
999 2515 1105 2571 ridetur
1135 2515 1186 2570 hoo
1234 2519 1379 2575 vindicare.
1405 2517 1473 2571 Cum
1497 2528 1663 2572 assecurator
1689 2519 1778 2572 aniene
1805 2516 1935 2588 suscipiat
1958 2515 1999 2569 rei
2044 2528 2076 2569 et

425 2611 505 2666 tacite
522 2610 582 2680 agi,
601 2618 632 2661 ut
649 2607 682 2662 de
699 2607 750 2660 hoo
767 2604 878 2678 periculi
896 2603 984 2676 pretio
1002 2612 1138 2670 tenerem,
1157 2612 1186 2658 et
1234 2603 1398 2674 periculum,
1418 2614 1442 2658 et
1459 2619 1534 2676 spem
1552 2619 1641 2656 emere
1657 2601 1797 2666 videatur,
1816 2607 1846 2652 ut
1864 2615 1918 2653 non
1943 2615 2005 2668 poa-

421 2696 570 2764 imputetur
588 2691 647 2758 itti,
666 2690 714 2762 qui
732 2689 879 2755 mentitur,
904 2698 932 2742 et
954 2685 1056 2759 decipit
1079 2697 1183 2742 contra·
1234 2689 1272 2742 sit
1296 2687 1352 2742 diei
1376 2687 1467 2753 laedi,
1494 2704 1545 2760 per
1569 2685 1668 2742 traditu
1693 2687 1839 2740 santernae
1858 2684 1892 2737 de
1908 2699 2002 2754 spons.

422 2777 546 2838 heuteru,
565 2772 632 2827 lacit
650 2774 668 2826 l.
691 2784 732 2827 ts.
750 2779 772 2836 §-
793 2782 816 2824 ι.
835 2781 863 2826 et
881 2784 905 2826 ι.
914 2767 956 2839 Ι.
974 2771 1010 2824 de
1035 2781 1089 2825 aet.
1107 2780 1186 2840 empt-
1236 2789 1316 2829 mere.
1332 2792 1360 2844 p.
1380 2785 1405 2826 t.
1423 2792 1451 2827 ιι.
1472 2783 1498 2826 2.
1516 2783 1543 2826 et
1563 2784 1585 2824 s.
1606 2771 1683 2826 Dicta
1701 2779 1791 2824 autena
1809 2771 1851 2824 lex
1875 2785 1930 2823 non
1956 2768 2003 2819 ha-

420 2873 445 2913 et
464 2859 540 2915 vend.
560 2857 591 2911 Si
608 2876 668 2914 aero
687 2868 763 2912 extre
780 2855 910 2910 mercium
929 2855 1025 2910 vitium
1042 2855 1109 2924 quill
1122 2872 1186 2909 ron·
1236 2857 1283 2911 bet
1299 2858 1385 2911 locum
1405 2857 1477 2912 inter
1496 2858 1627 2922 edentes,
1645 2867 1671 2911 et
1690 2855 1857 2910 scientim
1876 2850 1910 2908 iit
1928 2854 2003 2908 dolus

418 2945 496 3014 tigit,
514 2945 555 2998 vel
573 2944 663 2998 neutri
680 2943 754 3014 parti
771 2951 860 3012 potest
873 2941 1004 3012 imputari
1016 2939 1181 2996 conditionis
1234 2959 1283 3012 per
1296 2960 1350 3011 rep.
1364 2952 1405 2994 22.
1422 2943 1524 3013 dereg.
1540 2941 1605 2994 λιιι.
1622 2941 1642 2993 1.
1662 2953 1686 2994 ι.
1705 2941 1724 2994 ι.
1746 2938 1853 3008 staff.
1872 2939 1931 2994 eod
1949 2939 2002 2990 Aac

418 3027 552 3090 deiectus,
570 3037 601 3080 ut
617 3027 642 3079 ai
660 3025 796 3080 combusta
814 3027 851 3078 sit
869 3027 944 3080 uaris
963 3023 994 3078 ιιι
1012 3034 1112 3097 porto,
1142 3029 1186 3081 vel
1235 3027 1387 3082 insumma
1402 3029 1433 3082 C.
1448 3026 1609 3082 derescind·
1623 3025 1722 3081 eendit.
1741 3023 1881 3078 Coaarmn
1904 3033 1927 3075 2.
1946 3039 2002 3076 aar.

421 3111 571 3180 destructa,
596 3113 638 3166 uel
661 3127 707 3164 rex
731 3118 778 3162 aut
801 3109 923 3182 princepe
948 3126 1022 3174 eum,
1046 3119 1186 3180 antequam
1235 3114 1316 3168 reeoi.
1334 3124 1376 3167 so.
1389 3131 1419 3165 n.
1439 3122 1463 3166 2.
1483 3111 1562 3166 tect.
1582 3111 1611 3166 in
1629 3109 1655 3165 d.
1675 3129 1697 3166 c.
1717 3109 1818 3164 scienti
1837 3120 1879 3162 tt.
1892 3128 1920 3164 n.
1934 3122 1957 3163 t·
1971 3107 2005 3160 de

421 3196 500 3252 nuris
515 3196 552 3249 ,de
570 3206 648 3268 portu
667 3193 834 3266 enavigaret,
846 3211 896 3266 pro
907 3194 962 3249 suis
975 3197 1185 3264 necessitatibus,
1234 3199 1269 3252 R.
1288 3198 1317 3251 J.
1336 3198 1356 3249 1.
1377 3210 1401 3251 t.
1420 3195 1575 3263 Βιιιιοιιιιιι
1592 3193 1622 3248 in
1647 3195 1817 3250 Treutlerum
1840 3194 1892 3248 ool.
1919 3202 1944 3244 2.
1961 3191 2002 3244 di·

425 3290 453 3333 et
469 3279 585 3351 publicis
603 3287 733 3344 assumat,
752 3281 827 3348 juxta
845 3280 935 3333 notab.
955 3279 973 3332 l.
995 3293 1034 3335 to.
1048 3283 1081 3338 C·
1092 3282 1125 3336 de
1136 3287 1186 3338 ss.
1232 3289 1303 3350 sput-
1319 3289 1343 3332 2.
1358 3280 1395 3333 tir.
1412 3291 1454 3333 to.
1472 3277 1512 3330 tu.
1530 3279 1567 3330 Ε.
1586 3276 1651 3330 linet
1668 3273 1811 3329 lnudmdt
1828 3276 1947 3327 animum
1965 3273 2004 3322 al·

421 3363 530 3418 Eccles.
549 3365 638 3416 nullus
655 3362 734 3415 alteri
751 3361 896 3416 obstrictus
921 3371 962 3414 est
984 3380 1033 3435 per
1055 3365 1076 3416 Ι.
1102 3377 1127 3418 s.
1142 3362 1183 3434 Ι
1233 3357 1553 3431 terhatuerimagntt.
1568 3355 2003 3413 contaminatienis

417 3449 451 3502 de
468 3450 576 3501 haered·
590 3457 616 3502 et
629 3449 730 3500 action.
750 3448 826 3499 vend.
839 3457 865 3500 et
878 3447 918 3498 sic
932 3448 1081 3516 praemium
1095 3448 1125 3498 in
1138 3467 1186 3500 an·
1235 3469 1289 3520 ng.
1314 3447 1380 3501 Jur·
1398 3447 1418 3500 l.
1442 3457 1468 3499 t.

420 3543 549 3590 tenentum
563 3530 654 3583 datum
666 3529 771 3582 cundici
785 3538 882 3600 potest,
896 3529 972 3600 quari
984 3547 1060 3584 cansa
1074 3548 1130 3586 uon
1144 3549 1184 3588 te-

1047 3743 1296 3816 CAPUT
1342 3747 1385 3814 V.

886 3948 943 4014 De
975 3947 1118 4022 Delicta
1143 3956 1239 4027 circa
1260 3979 1330 4024 rem
1345 3945 1529 4022 nauticam.

606 4191 629 4241 S
649 4189 677 4243 U
691 4185 728 4239 Μ
742 4183 779 4237 d!
792 4183 821 4238 A
839 4185 866 4238 1t
883 4187 902 4238 1
918 4187 948 4238 A
1238 4192 1339 4245 Poena
1358 4199 1461 4244 nautas
1481 4185 1661 4259 spoliantium
1674 4203 1701 4238 n.
1722 4197 1746 4238 ι.

1242 4273 1362 4344 (tucinam
1381 4273 1423 4327 rei
1440 4274 1570 4327 nauticae
1583 4288 1661 4325 usum
1672 4269 1843 4341 impediant?
1861 4289 1889 4324 n.
1910 4283 1950 4326 to.

423 4355 574 4412 Conneoeio
594 4374 622 4408 ιι.
647 4369 668 4408 t.
969 4361 973 4370 ‘
1238 4359 1398 4414 Flaminum
1411 4367 1437 4411 et
1449 4357 1573 4428 riparum
1586 4353 1699 4410 nomine
1709 4353 1762 4410 duo
1784 4356 1928 4410 interdieta
1943 4364 2006 4408 suut

415 4441 520 4494 Delicta
539 4440 643 4494 nautica
662 4438 774 4507 duplicis
780 4440 899 4510 generis.
914 4459 940 4494 n.
956 4451 979 4493 2.
1273 4442 1427 4512 proposita.
1447 4461 1475 4496 n.
1498 4453 1538 4494 tt.

415 4525 604 4578 Recensentur
618 4523 726 4592 publica
743 4521 841 4578 delicta
860 4536 984 4596 quatuor.
1004 4543 1032 4577 n.
1054 4539 1076 4579 s.
1240 4538 1263 4579 t.
1281 4526 1510 4581 Pmiiditorium.
1530 4545 1560 4579 ιι.
1581 4535 1622 4577 tt.

422 4609 555 4676 Quintum
574 4608 701 4663 delictum
714 4609 855 4663 nauticum
865 4607 1013 4680 pubiicum.
1032 4627 1060 4660 n.
1082 4618 1106 4660 t.
1238 4621 1262 4662 2.
1282 4611 1500 4666 Restitutoriam.
1520 4631 1550 4664 n.
1574 4624 1612 4663 ιι.
1993 4673 1996 4680 1

423 4694 567 4759 Quaenam
577 4711 669 4761 poena
682 4709 791 4757 eorum,
804 4692 898 4762 quiea
911 4690 1186 4766 naufragiisluerum
1237 4697 1286 4749 An
1313 4695 1496 4749 molendinum
1526 4696 1554 4750 in
1577 4695 1704 4767 flumine
1723 4713 1779 4749 non
1796 4692 1946 4766 navigabili
1959 4713 2006 4748 ex·

451 4773 580 4842 raptant?
598 4793 625 4827 n.
648 4788 673 4826 5.
1279 4790 1369 4833 tmere
1386 4779 1489 4834 liceat?
1507 4799 1535 4833 n.
1557 4789 1597 4832 ts.

417 4859 459 4909 An
483 4855 584 4910 nobilis
615 4858 709 4910 mitius
737 4857 889 4930 puniendus
919 4875 1004 4930 quam
1035 4861 1186 4932 piebejres?
1238 4865 1346 4919 Delicta
1364 4865 1454 4918 adhuc
1466 4865 1550 4919 uaria
1571 4863 1732 4918 nauticam
1750 4876 1789 4916 ts.

456 4960 483 4992 n·
506 4953 530 4993 ⁶·
1237 4948 1314 5004 Actio
1332 4948 1422 5002 oneris
1442 4947 1545 5003 adverti
1562 4958 1663 5001 contra
1681 4959 1780 5003 nautas
1792 4947 1875 5002 etiam
1888 4947 2004 5001 intenta-

416 5025 613 5080 Conaideranda
632 5027 661 5078 in
682 5027 819 5096 inoperta
836 5045 936 5099 poene,
956 5041 986 5085 ut
1003 5029 1115 5085 cuilibet
1138 5032 1184 5085 aie·
1272 5043 1324 5086 tur.
1342 5051 1371 5086 ιι.
1393 5043 1434 5086 tt·

452 5111 588 5181 linquenti
608 5109 746 5180 inseratur
756 5112 833 5180 justa
847 5124 874 5166 et
885 5111 983 5168 delicto
1003 5115 1187 5170 conueniens?
1235 5115 1345 5170 Nautae
1357 5115 1472 5188 quando
1481 5116 1576 5186 culpae
1587 5115 1667 5189 argui
1677 5117 1792 5188 possint.
1810 5135 1837 5170 n.
1855 5129 1894 5170 tt.

452 5214 480 5248 n·
501 5203 523 5245 l·
1235 5199 1694 5271 Actinlegisaqnil.contranautas
1703 5202 1813 5275 peranda
1826 5199 1947 5255 daturin.
1960 5211 2000 5252 tt.

416 5277 466 5330 Aa
487 5275 554 5348 quid
574 5287 713 5343 teneatur,
733 5279 780 5349 qui
795 5299 831 5334 ιιι
850 5277 1003 5354 naufragio
1025 5283 1132 5350 clauos,
1145 5284 1187 5338 ael
1239 5283 1416 5340 Contnrnacia
1439 5286 1634 5341 nauclerorum
1656 5287 1780 5342 constant
1802 5287 1831 5340 ἰιι
1854 5285 2005 5342 omissione

452 5379 537 5416 unum
557 5379 594 5416 ea
611 5362 654 5415 itis
672 5363 834 5418 abstulerit?
849 5385 876 5419 n.
891 5379 917 5419 t.
1270 5365 1442 5423 demissionis
1451 5368 1580 5425 uelorum·
1599 5385 1627 5420 ιι.
1652 5381 1691 5425 te.
