4424 6340
334 541 379 592 151

257 653 305 708 gae
321 631 437 702 contigit
451 627 500 682 11.
517 639 593 686 tuta.
608 625 651 680 ubi
672 637 804 680 nrercatua
822 625 960 680 Zaffarano
978 625 1030 678 mi·

257 722 326 776 scuit
353 733 460 771 earrrern
478 712 603 766 bubulam
628 711 701 764 lunio
721 712 867 773 siccatam
890 711 935 762 Er
957 710 1029 763 batte

252 803 427 878 qemeuclrert
454 795 645 867 lliudsleiscb,
672 797 783 850 welclias
808 793 945 865 insuendig
967 793 1029 846 ratlr

255 891 308 953 ist,
327 883 500 958 gepflucict,
520 879 577 934 und
595 889 676 932 unter
690 879 742 932 den
770 874 901 946 Sofflran
926 875 1026 943 getban

255 969 367 1026 welches
384 969 435 1020 alen
464 963 571 1018 Gerucb
590 960 637 1014 des
656 961 798 1032 saffirans
815 977 1028 1031 ungcnommem·

258 1051 311 1110 Sed
332 1057 461 1104 mercator
480 1047 541 1110 ille,
560 1054 697 1116 comperto
716 1043 789 1108 doio,
809 1052 837 1095 et
853 1042 924 1113 quod
942 1041 1027 1094 varias

257 1136 409 1192 Prouincias
433 1133 472 1188 ita
498 1131 661 1203 decepisset,
686 1131 760 1186 rivas
787 1129 849 1198 igue
877 1147 1028 1186 conuenia-

261 1232 301 1274 tus
314 1231 363 1274 est.

206 1324 220 1363 s
292 1309 350 1358 1111
363 1304 500 1378 pertinent
512 1300 570 1366 illi,
588 1317 654 1370 quos
673 1306 768 1354 nocant
787 1298 960 1365 Zuntatores,
979 1297 1025 1368 qui

258 1388 290 1443 ab
312 1388 373 1442 aliis
395 1387 569 1441 Giuntatures
582 1385 724 1446 dicuutur,
742 1382 864 1436 homiues
887 1392 958 1435 certe
982 1401 1026 1436 ue·

257 1475 399 1548 quissimi,
412 1474 458 1546 qui
470 1489 586 1544 gemmas
599 1469 712 1526 fictitias
725 1487 754 1524 ac
762 1470 925 1524 adulterinas
942 1469 1024 1522 mini·

257 1562 296 1616 1111
320 1560 427 1623 raloris,
446 1575 494 1630 pro
511 1557 584 1610 reris
603 1554 760 1618 venditant,
780 1562 807 1608 ct
825 1571 919 1622 magno
937 1553 1024 1623 pretio

258 1643 389 1710 rendunt,
402 1641 635 1712 calorequaesito,
653 1641 728 1710 quasi
746 1638 826 1692 alicui
844 1637 965 1708 Principi
984 1637 1023 1690 rel

258 1730 342 1800 Papae
356 1769 363 1795 ,
382 1729 421 1782 rei
434 1727 482 1781 alii
495 1726 524 1778 11
536 1724 667 1794 dignitate
679 1723 825 1776 constituto
839 1721 940 1776 luerint
958 1721 1020 1772 sub·

258 1823 373 1878 tractae,
393 1823 422 1865 ut
440 1829 471 1864 eo
491 1813 618 1881 majorem
634 1805 715 1860 fidem
735 1818 894 1862 mereantur.
914 1806 1022 1876 Hippoi.

258 1898 292 1950 dc
305 1897 412 1952 Martii.
425 1896 566 1966 Singulas.
587 1905 647 1948 stt.
665 1909 731 1962 quos
749 1893 821 1963 ipsos
838 1907 942 1960 quoque
960 1889 1022 1942 Sae-

256 1982 369 2036 cularios
387 1995 512 2052 expresse
530 1986 604 2032 rocat
622 1978 694 2030 Petr·
711 1975 811 2028 Caball.
831 1974 856 2026 d.
880 1975 941 2028 Cas.
963 1983 1022 2024 111.

259 2085 282 2118 1.
300 2065 360 2119 ioh.
380 2062 541 2134 Baptistde
567 2061 655 2114 Senot.
680 2061 798 2112 Seserin.
817 2057 845 2110 in
865 2056 977 2128 Repetit.
1002 2059 1021 2109 l-

257 2166 368 2208 canuae
384 2152 501 2224 populos
516 2152 545 2204 in
569 2163 609 2204 tu·
628 2147 657 2200 in
680 2157 702 2198 t.
718 2145 783 2198 coll·
802 2143 864 2198 circ.
881 2143 968 2214 princ.
987 2145 1020 2200 C.

257 2238 288 2290 dc
305 2240 410 2292 1111111111.
434 2233 532 2287 Trinit.

203 2333 217 2374 t
291 2321 373 2372 Porro
385 2334 437 2370 non
448 2312 665 2369 inconvenienter
679 2307 835 2362 Saeculariis
849 2326 1022 2362 annumeran-

256 2415 300 2458 tur
312 2402 354 2454 illi
363 2439 370 2467 ,
380 2416 446 2470 quos
459 2395 671 2459 Crumenisecas,
684 2394 723 2447 rel
740 2393 935 2464 lilarsupiorum
949 2391 1018 2444 incl·

255 2505 327 2542 11111
337 2495 430 2540 roeaut
442 2480 629 2544 ocrnmunitcr,
637 2475 1019 2534 German.dieBcutelsclmei·

255 2577 313 2628 der.
330 2572 476 2624 Crumeuas
488 2565 587 2638 quippe
601 2566 739 2636 suspensio
758 2565 918 2618 sacculorum
937 2562 1019 2626 iacit,

252 2678 316 2716 nan
335 2657 438 2732 :paudus
456 2652 527 2704 unde
546 2651 685 2712 Crumena,
697 2647 829 2719 suspendo
847 2656 896 2699 est.
909 2645 1019 2716 Saepius

253 2747 325 2800 enirn
337 2748 466 2812 geruntur
483 2751 624 2806 suspensae
644 2732 710 2786 viris
728 2745 884 2792 crumenae,
896 2745 960 2797 quas
973 2745 1018 2781 ex·

253 2827 364 2883 11111111
376 2823 447 2876 iures
460 2822 501 2874 iiii
514 2818 673 2880 saecularii,
688 2815 729 2870 rel
746 2811 843 2886 aperis
857 2811 1019 2882 subripinatq

201 2931 214 2972 t
254 2909 401 2970 suntrerba
416 2909 485 2960 Petu·
506 2905 618 2973 Gregor.
632 2901 740 2955 Thales·
758 2903 837 2971 Synt.
855 2897 917 2950 libr·
937 2907 979 2948 st.
997 2915 1020 2949 1.

255 3013 294 3055 11.
313 3019 341 3052 n·
356 3007 380 3048 t·
400 2992 497 3048 Graeci
512 2984 742 3063 βαλαντιοτὸμιονς
755 2985 888 3056 appellant
906 2981 1020 3048 cosdem,

163 3127 167 3136 .
254 3088 326 3140 Petr.
339 3081 450 3149 Gregor.
461 3076 568 3130 Tbolos.
581 3074 609 3126 d.
621 3073 673 3128 loc.
689 3072 752 3124 bnt.
768 3071 866 3124 11111111.
887 3067 920 3122 de
934 3068 1022 3124 011111.

252 3171 298 3225 111.
314 3179 354 3218 tt.
360 3165 400 3236 ffi
417 3171 437 3216 1.
453 3174 492 3215 11.
507 3180 536 3214 ιι.
557 3173 581 3212 ι.
599 3156 691 3212 eodem
710 3154 787 3227 plane
806 3170 958 3224 sensuque
972 3152 1021 3205 Ia-

253 3257 304 3310 tini
322 3248 529 3309 Crumcnisecas,
539 3243 638 3316 quippe
652 3241 792 3314 βαλάντιον
807 3239 848 3292 sol
862 3239 986 3304 ¹danaae-‚ra
1001 3256 1024 3292 ν.

251 3341 318 3415 ipsis
340 3338 498 3391 Crumcnam
525 3349 571 3384 seu
595 3325 761 3396 marsupium
781 3320 925 3392 significat.
951 3322 1025 3372 ilino

252 3425 359 3479 verbum
379 3416 516 3472 descendit
528 3411 745 3486 βαλαντιοτομιίν
754 3445 762 3472 ,
779 3407 850 3478 quod
869 3407 944 3460 Plato
961 3405 1022 3458 libr.

256 3522 276 3562 1.
287 3507 321 3562 de
339 3511 404 3570 Itep.
418 3501 494 3554 effert
511 3495 644 3571 βαλάντια
664 3493 819 3564 ἀποτέμνειν
831 3490 906 3544 Coui.
924 3488 1021 3543 Lucios.

251 3595 323 3648 caet.
342 3585 488 3657 Rbodigin.
507 3581 632 3638 Lection·
650 3578 803 3649 Antiquar-
820 3576 881 3628 libr.
904 3589 943 3628 to·
957 3595 980 3628 1.
995 3587 1017 3626 s.

199 3701 213 3742 9
251 3683 279 3734 in
289 3678 349 3750 fin.
376 3671 502 3742 Alioquin
526 3666 608 3720 etiarn
635 3661 744 3716 Zonarii
770 3661 952 3732 appellantur,
978 3660 1020 3716 tel

251 3769 369 3820 Sectores
384 3757 508 3819 Zonarii,
521 3762 551 3806 nt
560 3771 601 3824 ap.
613 3750 750 3813 Plautum,
765 3745 811 3798 sed
824 3746 916 3800 eodem
937 3746 1018 3814 sigui·

247 3847 337 3910 ficata,
349 3863 399 3916 quo
411 3838 607 3910 Marsupieruru
620 3835 757 3886 incisores.
771 3831 842 3884 Zona
856 3829 928 3882 enisu
941 3847 1016 3882 1111111·

249 3951 353 3989 morum
365 3929 570 3984 loculamentum
579 3929 636 3986 est,
651 3929 718 3972 teste
731 3915 887 3988 Lampridio
902 3913 929 3968 iu
947 3915 1016 3968 Ale·

248 4000 776 4087 11111111.111111111111111111111111111.
796 4000 825 4052 in
846 4000 864 4050 l.
886 4013 909 4052 1.
918 3995 961 4066 ff.
981 3999 1016 4052 de

248 4107 320 4160 Bon.
341 4101 475 4156 Damnat.
493 4093 532 4147 lit.
552 4105 570 4144 t.
589 4089 636 4144 ubi
655 4095 729 4142 notat
743 4086 842 4137 Zonam
863 4083 1014 4155 ademptam

245 4190 329 4242 luisse
354 4185 427 4248 illis,
445 4179 491 4252 qui
510 4177 588 4232 bouis
598 4173 690 4227 cedere
702 4169 824 4224 solebant
839 4205 846 4233 ‚
860 4181 887 4222 et
906 4169 945 4222 sic
959 4169 1014 4222 za-

245 4291 294 4327 nae
312 4269 488 4344 privationem
508 4261 661 4334 Symbolum
679 4253 807 4314 cessionis
822 4252 915 4310 luisse.

177 4369 210 4414 tt
294 4355 468 4427 Appellantur
479 4351 560 4404 etiam
577 4342 774 4404 Mantioularii,
793 4341 846 4394 1111.
867 4339 962 4406 Hillig.
986 4337 1016 4390 in

247 4441 360 4498 Bcnell.
377 4439 542 4490 111111.
561 4431 600 4484 lit.
620 4432 645 4484 b.
663 4429 710 4500 qui
731 4435 793 4479 sunt
807 4423 881 4476 iures
900 4440 928 4475 sc
947 4421 1016 4474 inie-

243 4535 333 4578 rentes
345 4519 480 4576 conlectae
492 4514 672 4588 mrdtipudini,
683 4511 820 4581 lilarsupia
836 4518 881 4562 aut
895 4515 1015 4560 secantes

244 4619 289 4665 aut
298 4603 414 4662 artificio
424 4605 515 4658 doloso
525 4603 674 4676 aperientes
692 4609 721 4652 et
731 4602 883 4651 evacuantes
896 4628 903 4658 ,
923 4591 964 4645 uti
983 4608 1015 4644 ex

244 4697 324 4749 Festo
353 4709 397 4746 eos
428 4689 558 4744 describit
589 4686 690 4740 Calain.
720 4681 813 4738 lexic.
847 4681 911 4734 Jnr.
948 4679 1016 4732 Vos.

176 4795 203 4838 tt
245 4774 464 4834 Mantieulurius.
478 4772 651 4844 Appellantur
663 4769 759 4822 itidem
768 4764 917 4835 Bursicopi;
930 4763 1016 4816 todoc

244 4861 422 4917 Dsmboadcr·
434 4861 529 4912 Pract.
548 4861 605 4912 ller
635 4854 748 4909 Crimin.
761 4871 819 4922 cap.
843 4861 901 4904 ttt.
920 4869 948 4902 11.
974 4860 1002 4901 ts

246 4943 476 5016 1116111111
490 4945 582 4996 Praec-
600 4943 664 4996 tter.
683 4939 768 4996 Crim.
791 4939 904 5006 Quaest.
923 4945 965 4986 at.
985 4951 1013 4984 n.

246 5047 288 5086 ta.
307 5033 361 5085 sire
379 5030 522 5082 Burssrum
534 5026 712 5080 abscissores:
728 5023 794 5080 Nam
810 5033 837 5075 et
849 5021 931 5074 Bursa
947 5033 1012 5072 mar-

245 5117 351 5188 supium
365 5113 473 5166 dicitur.
487 5110 596 5164 Crimen
617 5109 666 5162 boc
684 5119 777 5161 notum
797 5107 824 5159 iu
843 5109 934 5176 vulqus
953 5113 1010 5168 est,

244 5211 271 5252 et
286 5197 418 5270 plerisque
436 5193 491 5248 lere
504 5193 633 5247 nundinis
652 5193 770 5262 ejusdem
784 5189 892 5244 effectus
907 5189 1009 5260 experi-

244 5300 315 5338 mur.
328 5281 534 5351 Frequentatnrn
548 5283 632 5350 magis
645 5286 685 5330 cst
698 5279 727 5328 in
748 5275 847 5338 Gallia,
861 5275 907 5326 ubi
926 5285 1010 5328 certas

244 5379 273 5422 et
296 5381 403 5436 ansqnas
423 5365 494 5418 inter
512 5383 540 5417 se
558 5375 714 5418 contraxere
736 5360 891 5423 societates,
918 5369 945 5411 et
970 5369 1009 5412 tot

554 531 603 586 Dii
623 527 925 586 saccuttntottutt
944 526 989 580 ET
1009 525 1307 584 utuucttutottcnt
1327 527 1541 584 cantamus.

1731 535 1781 586 aba

1082 636 1194 688 norunt,
1208 635 1237 678 ut
1248 625 1277 678 in
1291 623 1495 679 admirationem
1509 623 1613 698 rapiunt
1632 630 1766 698 quemuis,
1788 632 1852 686 dum

1080 709 1303 779 prudentissimas
1315 711 1384 766 baud
1397 731 1456 766 raro
1470 716 1581 780 salluut,
1594 717 1690 785 quibus
1709 729 1797 773 tamen
1812 733 1854 774 111-
1926 711 1930 719 ’

1080 794 1147 847 lium
1165 795 1375 848 saeculariorum
1391 799 1500 850 technae
1524 800 1626 869 optime
1644 811 1721 854 eraut
1744 820 1854 877 perspe-

1081 887 1147 930 ctae.
1156 877 1256 932 Extant
1270 879 1367 948 integri
1380 877 1428 934 hac
1442 881 1475 934 de
1483 900 1510 935 re
1522 884 1607 936 libelli
1618 885 1853 942 callidissimorum

1079 962 1175 1018 horum
1189 983 1300 1035 nequam
1316 963 1424 1018 fraudes
1436 969 1577 1021 commode
1591 970 1783 1039 exprimentes,
1795 991 1857 1042 quo-

1079 1067 1139 1102 rum
1152 1059 1179 1102 et
1192 1050 1354 1104 Germanico
1366 1051 1505 1104 idiomate
1514 1052 1660 1123 conscripti
1674 1054 1781 1124 quidam
1795 1073 1853 1109 uon

1077 1135 1126 1190 der
1142 1135 1421 1204 Bcutelscbneiderey·
1442 1136 1518 1190 Corsi.
1546 1139 1659 1191 flenrici
1690 1138 1847 1205 Knausteu,

1076 1235 1158 1288 gesen
1180 1219 1240 1272 und
1257 1219 1340 1272 wider
1356 1221 1400 1274 dic
1418 1221 1603 1289 d'pitabuben,
1622 1237 1654 1275 so
1673 1223 1721 1276 bin
1736 1225 1794 1277 und
1806 1225 1853 1279 sui-

1077 1303 1125 1356 der
1141 1303 1170 1356 in
1190 1303 1242 1356 den
1269 1305 1384 1358 Lunden
1410 1304 1464 1358 irre
1484 1301 1605 1374 laasffin,
1626 1307 1684 1359 und
1714 1310 1848 1364 munchen

1077 1389 1215 1443 ebrlicben
1241 1391 1330 1444 Manu
1356 1387 1507 1456 betriegen,
1538 1389 1636 1444 etliclre
1664 1392 1852 1460 notlnvenrliqe

1075 1472 1187 1540 Fragen
1206 1471 1256 1524 mit
1273 1473 1351 1527 ibren
1371 1471 1597 1538 resolutionibus,
1615 1473 1662 1544 qui
1675 1473 1781 1528 libellus
1802 1479 1851 1530 im·

1076 1571 1181 1626 pressas
1209 1553 1333 1609 Eriodiae
1358 1557 1446 1612 Anuo
1474 1567 1550 1609 tstt.
1575 1557 1605 1610 in
1629 1568 1749 1620 octava,·
1765 1574 1843 1626 quem

1074 1641 1183 1710 quidem
1196 1643 1334 1708 allegatum
1350 1643 1480 1708 uidimus,
1492 1642 1591 1697 nullibi
1615 1653 1702 1698 1111111
1727 1645 1847 1713 ejusdem

1074 1735 1209 1795 compotes
1222 1723 1282 1779 lieri
1296 1726 1441 1796 potuimus.

1110 1809 1146 1859 ti
1160 1817 1247 1860 autem
1262 1809 1295 1859 de
1306 1809 1400 1861 borum
1417 1808 1553 1862 fraudibus
1571 1824 1602 1860 co
1616 1809 1711 1862 melius
1724 1821 1845 1875 mustei,
1888 1825 1915 1866 tt

1074 1909 1127 1944 non
1139 1892 1271 1960 ingratum
1288 1893 1390 1946 lectori
1404 1893 1565 1946 exstiturum
1584 1911 1756 1962 auguramur,
1770 1896 1793 1947 si
1805 1897 1847 1948 bi-

1073 1978 1182 2028 storiaau
1197 1977 1351 2046 quamdam,
1369 1991 1435 2046 quae
1452 1977 1482 2028 iu
1493 1977 1533 2028 rei
1548 1977 1657 2029 ueritate
1669 1977 1798 2046 contigit,
1812 1979 1845 2031 de

1075 2063 1283 2116 saeculariorum
1311 2059 1461 2124 machinis,
1488 2062 1690 2116 subnectamus:
1717 2063 1848 2117 Beoeuset

1073 2161 1130 2200 eam
1144 2145 1234 2198 lodoc-
1248 2144 1426 2198 Dambouder.
1446 2143 1491 2198 cit.
1511 2145 1562 2198 loc·
1577 2145 1619 2198 hia
1639 2144 1743 2200 serbis:

1108 2221 1299 2286 Deuterrimus
1318 2228 1418 2302 aliquis
1436 2240 1460 2281 11
1479 2229 1507 2281 iu
1526 2229 1579 2284 liae
1600 2239 1658 2283 arte
1669 2227 1792 2296 furandi
1809 2253 1837 2286 a·

1070 2317 1232 2371 stutirsimus
1250 2313 1427 2370 saccularius
1447 2314 1590 2385 quondam
1609 2315 1802 2384 Antwerpiae,
1817 2319 1845 2370 in

1073 2401 1141 2456 aede
1164 2398 1286 2470 Virginis
1304 2399 1412 2452 Mariae
1431 2408 1552 2470 quatuor
1571 2397 1752 2470 autquinque
1771 2403 1845 2454 11111-

1073 2495 1182 2539 catores
1207 2485 1362 2551 Bruqenses
1381 2491 1584 2552 conspexerat,
1602 2491 1628 2534 et
1646 2483 1744 2536 lacrum
1763 2503 1849 2539 11111111

1071 2568 1172 2623 Atrari
1196 2566 1305 2620 cuidam
1329 2565 1543 2631 incumbentem,
1562 2565 1591 2619 111
1611 2583 1640 2620 11
1665 2567 1770 2621 diviua:
1790 2573 1846 2623 Lu-

1072 2661 1160 2706 111111
1183 2653 1208 2704 is
1225 2649 1285 2719 sur
1308 2649 1479 2721 aggreditur,
1506 2660 1580 2706 astat
1592 2687 1602 2716 ,
1628 2661 1654 2704 et
1678 2654 1846 2708 Crumenarn

1071 2734 1236 2792 altercatoris
1255 2751 1290 2786 111
1313 2751 1380 2804 pera
1401 2735 1502 2804 (quam
1526 2734 1576 2787 sub
1600 2744 1663 2802 toga
1686 2752 1846 2804 suspensam

1072 2817 1178 2887 liubuit)
1190 2817 1318 2886 subripit,
1339 2817 1366 2868 in
1386 2837 1440 2888 qaus
1450 2814 1575 2885 suerunt
1589 2818 1652 2888 plus
1671 2819 1762 2872 minus
1785 2833 1842 2874 tou.

1075 2903 1210 2959 carolini.
1227 2905 1367 2957 Mercator
1386 2904 1497 2956 domurn
1519 2920 1658 2966 reversus,
1686 2904 1844 2973 subreptam

1073 3005 1232 3044 crumenam
1251 2987 1395 3056 comperit,
1410 2997 1536 3058 tacetque
1554 3005 1589 3040 ne
1601 2987 1665 3040 aliis
1676 2986 1745 3041 risui
1750 2987 1844 3058 fieret.

1074 3071 1213 3126 Proximo
1234 3070 1278 3124 die
1295 3069 1463 3134 Dominico,
1482 3070 1574 3124 eodem
1594 3069 1624 3123 in
1642 3070 1728 3123 altari
1743 3071 1845 3124 breuiu-

1075 3155 1102 3208 ri
1124 3153 1208 3224 pellic
1226 3155 1343 3208 amictus
1360 3153 1448 3206 denuc
1469 3151 1622 3218 incumbit,
1641 3170 1764 3225 peramq.
1784 3171 1844 3207 rus·

1074 3255 1121 3292 sus
1138 3239 1260 3310 apertius
1277 3239 1411 3292 ostendat·
1430 3237 1554 3292 Accessit
1570 3239 1642 3292 idem
1661 3239 1736 3292 latus
1748 3239 1840 3305 bians,

1073 3341 1284 3394 crumenamqne
1300 3333 1395 3379 tentat.
1409 3325 1551 3378 Mercator
1560 3323 1643 3396 ipsius
1657 3341 1770 3378 manum
1786 3343 1845 3396 per·

1072 3407 1223 3462 sentiscens
1240 3407 1312 3461 otius
1328 3423 1357 3460 se
1376 3405 1455 3476 erigit
1463 3443 1472 3472 ,
1480 3403 1582 3474 furem
1601 3407 1711 3476 capillis
1727 3425 1844 3477 compre·

1073 3491 1174 3545 11111111.
1197 3493 1258 3546 Vab
1283 3489 1406 3562 (inquit)
1421 3487 1481 3557 sur
1497 3489 1660 3561 nequissime
1677 3501 1708 3546 tu
1730 3509 1773 3557 es,
1799 3492 1846 3563 qui

1069 3575 1208 3646 superiori
1230 3575 1380 3630 Dominica
1399 3575 1443 3628 bie
1459 3593 1618 3630 crumenam
1639 3593 1729 3629 meam
1753 3578 1840 3630 surri-

1069 3661 1169 3731 puisti,
1188 3661 1311 3715 camdem
1330 3661 1400 3713 milii
1411 3659 1484 3714 otias
1502 3660 1597 3726 redde,
1612 3671 1697 3716 cutte
1710 3661 1754 3717 bie
1772 3679 1844 3715 eam·

1067 3748 1231 3817 prehensum
1250 3746 1360 3800 cumba.
1380 3746 1448 3800 Fur
1459 3746 1587 3812 ueniam,
1607 3756 1634 3800 et
1651 3765 1687 3800 ne
1704 3746 1838 3819 pudefiat.

1069 3844 1165 3902 rogat:
1189 3821 1310 3886 reddam
1331 3829 1381 3884 tibi
1397 3829 1534 3904 (inquit)
1555 3851 1665 3888 omnem
1693 3833 1840 3901 pecuniam

1067 3931 1142 3972 tuam
1161 3917 1221 3971 loco
1242 3915 1310 3968 milri
1325 3927 1418 3988 perte
1437 3915 1618 3988 designando.
1637 3917 1691 3973 llis
1704 3919 1844 3970 Mercator

1065 4003 1274 4074 prandebimns,
1296 4002 1400 4074 iuquit,
1421 4005 1550 4075 quaterni
1565 4003 1594 4056 in
1609 4007 1704 4058 Leone
1721 4001 1839 4071 insero,

1067 4089 1132 4143 illuc
1150 4087 1218 4141 milti
1231 4087 1375 4155 pecuniam
1394 4086 1509 4155 reseras,
1529 4087 1600 4149 volo,
1614 4096 1664 4140 aut
1681 4085 1709 4138 in
1726 4085 1837 4154 patibu-

1067 4173 1123 4225 lum
1136 4181 1162 4226 te
1180 4171 1322 4240 abreptum
1340 4172 1460 4232 curab03
1482 4171 1548 4223 noui
1564 4171 1636 4223 enim
1656 4168 1704 4223 ubi
1721 4171 1839 4237 daliter,

1070 4255 1166 4330 quidue
1184 4273 1318 4310 exerceas.
1339 4259 1372 4309 In
1390 4254 1539 4323 prandium
1549 4253 1608 4324 sur
1623 4253 1781 4317 reuertitur,
1798 4275 1842 4325 pe-

1067 4341 1176 4396 cuniam
1193 4351 1344 4406 surreptum
1363 4349 1505 4403 numerat,
1525 4350 1551 4391 et
1574 4351 1603 4392 ut
1617 4337 1731 4407 sactum
1754 4355 1840 4393 secre-

1067 4437 1126 4483 tum
1141 4435 1263 4492 maneat,
1275 4435 1346 4480 arat.
1356 4427 1423 4478 Cum
1439 4423 1534 4478 iisdem
1546 4423 1743 4476 mercatoribus
1752 4440 1840 4492 pran-

1069 4513 1127 4578 det,
1149 4513 1274 4566 absoluto
1296 4507 1413 4582 prandio
1440 4527 1459 4560 a
1484 4506 1684 4562 Mercatoribus
1708 4514 1837 4574 rogatur,

1067 4615 1117 4652 cur
1133 4607 1189 4651 tam
1208 4595 1266 4659 cili,
1286 4606 1312 4648 et
1328 4596 1459 4648 scelerosa
1477 4591 1590 4647 crimini
1605 4607 1664 4645 sese
1683 4589 1836 4642 addixerit.

1073 4683 1160 4754 Quid,
1179 4683 1281 4754 inquit,
1291 4679 1419 4749 facerem
1426 4719 1435 4744 ,
1456 4677 1518 4731 braic
1525 4675 1612 4746 furto
1634 4695 1651 4728 a
1671 4672 1763 4726 multis
1782 4693 1837 4727 an·

1067 4771 1111 4824 nis
1130 4768 1248 4831 assueri,
1273 4776 1299 4819 et
1322 4763 1542 4828 versatissimus,
1569 4759 1783 4829 astutissimusq,
1808 4757 1839 4810 ia

1067 4877 1098 4910 co
1119 4855 1202 4919 euasi,
1222 4863 1251 4906 ut
1261 4853 1323 4922 jam
1343 4851 1390 4904 cis
1409 4869 1451 4904 me
1470 4850 1504 4902 cb
1523 4866 1555 4902 ec
1567 4856 1718 4919 temperare
1730 4861 1836 4915 queam·

1066 4941 1101 4994 111
1117 4939 1171 4991 anei
1188 4937 1301 5008 artificii
1315 4935 1450 5004 specimen
1471 4932 1588 5005 aliquod
1617 4931 1740 5002 experiri
1763 4927 1837 4996 cupi·

1065 5024 1108 5088 tis,
1127 5021 1208 5095 agite,
1224 5022 1358 5076 contendo
1376 5020 1517 5074 vobiscum
1533 5018 1653 5088 periculo
1668 5016 1748 5087 liujus
1760 5019 1838 5085 airm-

1065 5109 1133 5171 bali,
1154 5106 1229 5180 quod
1246 5108 1364 5177 alicujus
1383 5118 1498 5161 uestrum
1524 5121 1683 5158 crumenam
1701 5101 1838 5170 surripue-

1063 5211 1093 5247 νο
1110 5192 1241 5264 proxima
1259 5193 1415 5256 donrinica,
1429 5191 1455 5244 si
1473 5191 1510 5244 ad
1527 5191 1656 5260 templum
1676 5201 1722 5241 cos
1740 5195 1838 5238 ventu·

1063 5293 1109 5330 ros
1127 5295 1188 5330 cum
1206 5279 1357 5342 crumenis,
1374 5273 1540 5346 promittitis.
1557 5275 1726 5328 Mercatores
1744 5269 1838 5324 candi·

1062 5362 1165 5414 tionem
1190 5363 1343 5434 accipiant,
1371 5371 1398 5414 et
1421 5363 1493 5414 cirea
1510 5357 1643 5428 suturam
1669 5353 1839 5408 dominicam

241 5451 417 5508 clandestinis
441 5449 681 5502 machinationibus
705 5445 843 5520 queuuniarn
864 5443 1008 5496 subducere
1058 5447 1161 5518 sirrguli
1180 5465 1323 5504 crumenas
1341 5463 1423 5514 suas,
1445 5463 1527 5518 quam
1544 5452 1676 5516 possunt,
1698 5437 1836 5494 abditissi-
