4478 6350
350 533 403 590 444
821 529 871 584 nn
889 524 997 584 44444
1016 524 1175 582 4444444
1193 525 1346 582 4444444
1743 526 1795 591 444

282 629 438 688 4444441444.
461 629 488 687 d.
509 631 566 686 dec.
583 639 624 683 44.
640 643 667 682 44.
683 635 706 678 4.
723 623 764 680 444
781 623 826 678 his
842 623 1054 696 apparet‚quod,
1109 623 1156 678 scd
1169 625 1270 678 occulte
1282 632 1307 677 et
1320 623 1524 680 secretel'arin.
1540 623 1677 696 44444444.
1692 637 1770 678 444.
1785 637 1811 680 44
1824 626 1867 680 nl·

283 719 304 772 si
329 716 412 772 utenti
435 715 503 770 lnlso
522 713 653 782 rescripto
670 709 823 781 imponatur
840 725 922 780 poene
942 708 1053 772 mortis,
1104 710 1128 761 si
1146 721 1219 764 extra
1231 709 1352 768 ollicium
1366 713 1520 767 4444444444
1533 713 1700 766 commiserit
1712 712 1866 769 44444444444.

280 803 367 858 multo
395 800 482 870 magis
508 797 671 870 imponenda
697 792 805 847 facienti
831 792 926 848 salsum
958 793 1054 846 444444-
1104 794 1195 850 Parin.
1214 797 1241 849 d.
1261 806 1362 868 quaest.
1384 816 1412 850 rs.
1432 810 1474 850 44.
1491 798 1533 850 444
1552 793 1678 868 perfecit,
1699 797 1722 851 si
1740 801 1867 868 nonpft.

280 899 354 962 ptum
376 885 518 956 Principis
540 883 640 936 44144444.
660 879 693 932 de
716 877 815 930 4444444.
832 878 858 932 d.
876 889 896 930 t.
915 877 1052 949 Rescipts
1103 891 1179 934 retus
1196 883 1325 937 exercitio
1343 883 1554 948 'labellionatns,
1568 881 1664 935 Tusclr.
1677 883 1763 938 444441.
1776 901 1802 934 44.
1823 894 1866 935 ss.

281 969 354 1026 euim
377 969 534 1038 Principum
549 965 668 1020 strictam
683 959 1053 1030 bebmrtnterpretationem.
1107 974 1148 1015 44.
1168 967 1221 1018 lis.
1237 968 1318 1020 Mrel
1339 975 1441 1020 tantum
1459 967 1543 1038 qnosd
1562 977 1662 1020 4444444
1680 967 1795 1039 speeiem
1810 967 1867 1037 ipsi

280 1053 433 1123 iisdemque
464 1049 535 1104 nihil
565 1047 714 1102 addendum
745 1047 787 1098 444
805 1044 982 1115 supplendum
1005 1052 1056 1096 est.
1105 1049 1271 1118 prohibitum
1291 1051 1447 1105 exercitium
1467 1051 1629 1106 1404444444,
1646 1069 1669 1106 0,
1687 1069 1727 1121 gt,
1745 1052 1774 1104 ἱῃ
1794 1054 1866 1125 μὴ.

280 1135 515 1194 141444446444444.
542 1135 632 1188 Trnct.
645 1133 680 1186 de
688 1146 815 1202 processu
828 1137 933 1182 execut.
944 1137 1015 1196 part.
1031 1134 1054 1176 4.
1107 1131 1149 1185 444
1167 1134 1207 1190 444
1232 1133 1259 1187 in
1283 1134 1387 1204 prebella
1410 1135 1507 1187 Tusch.
1526 1135 1551 1189 d.
1573 1135 1660 1189 corici.
1679 1153 1707 1188 4.
1729 1145 1769 1188 44.
1790 1135 1864 1189 4444.

281 1239 307 1274 0.
326 1233 346 1272 t.
360 1241 388 1275 44,
403 1232 447 1274 44.
460 1220 579 1274 Gravest.
598 1232 674 1272 cons.
689 1226 731 1269 44.
746 1234 773 1268 n.
790 1224 814 1266 4.
827 1213 879 1267 444.
896 1225 918 1265 t.
930 1208 1055 1262 4144444444
1105 1233 1181 1269 cons.
1197 1229 1255 1272 444.
1269 1220 1409 1272 Sententia
1428 1219 1501 1270 enim
1521 1219 1621 1291 priests
1631 1235 1687 1272 non
1698 1219 1866 1285 extenditur,

283 1305 317 1358 de
333 1303 473 1360 4144444444.
491 1303 554 1355 1444.
574 1318 596 1355 4.
618 1309 660 1350 44.
672 1297 699 1350 in
711 1317 752 1370 pr.
767 1298 798 1350 44
813 1295 941 1348 Dominio
952 1291 1055 1346 Medio·
1106 1300 1158 1352 nisi
1179 1301 1207 1354 in
1224 1312 1351 1372 quentum
1372 1301 1448 1356 44444
1467 1311 1572 1356 senem·
1583 1301 1634 1356 Vct
1647 1301 1701 1358 nisi
1714 1319 1866 1374 pirenem.

283 1375 1054 1452 tamese„onisconsticintindepoenislnlsifiosnsli·
1105 1381 1213 1440 ficiatns·
1242 1387 1315 1440 iuter
1338 1390 1457 1440 solentes
1481 1389 1691 1440 instrumentum
1719 1387 1816 1441 Tusch.
1839 1389 1866 1442 d.

286 1483 358 1526 44444
368 1471 504 1542 Principis
518 1467 576 1539 igni
589 1459 1055 1521 concremandustraditonlllenncb.
1105 1471 1192 1526 emp,
1213 1491 1240 1526 η,
1258 1483 1298 1525 p„
1317 1475 1365 1526 ud
1385 1473 1409 1525 ,ἱ
1427 1491 1476 1542 p„-
1496 1472 1648 1543 pffnptpem
1666 1470 1700 1524 ,4
1713 1474 1826 1529 honor„
1840 1485 1869 1530 ,p

283 1554 496 1622 deartuatus.
523 1563 625 1622 4444444.
652 1568 706 1606 cns.
728 1561 788 1602 444.
817 1567 844 1600 rs.
866 1557 906 1599 44.
926 1543 1055 1614 Quemvis
1107 1553 1202 1608 4444444
1222 1558 1387 1612 restituatur.
1405 1557 1502 1610 Tnsch.
1521 1556 1547 1608 d.
1566 1556 1653 1610 concl.
1673 1575 1702 1609 n.
1724 1569 1764 1610 ts.
1782 1568 1865 1613 4444.

289 1637 357 1710 spud
378 1655 427 1690 nos
447 1637 493 1689 tali
505 1653 566 1691 4444
580 1636 651 1688 ultra
663 1650 774 1704 poenm
790 1629 983 1699 instigationis,
997 1644 1052 1678 444-
1107 1635 1181 1692 3444,
1199 1638 1275 1709 ,ons
1298 1649 1356 1692 m,
1374 1640 1447 1692 mn„
1461 1651 1515 1702 ω,
1528 1640 1591 1711 qut,
1604 1653 1653 1710 p„
1665 1640 1864 1696 mfimfiom

281 1724 432 1798 pultlioni⁸
451 1739 556 1786 4444444444
577 1723 616 1775 444
636 1737 774 1791 0444444444
802 1717 967 1788 publicarum
992 1729 1053 1782 pto·
1104 1722 1236 1794 Principis
1254 1724 1343 1776 omnis
1362 1725 1477 1790 44444414,
1501 1722 1642 1792 omnisque
1667 1723 1737 1776 lebes
1761 1725 1866 1779 ridetur

282 1808 357 1880 predi
378 1825 430 1860 non
451 1808 597 1867 soleamus:
617 1804 671 1856 nisi
692 1802 762 1856 lortc
778 1805 838 1872 quis
856 1801 916 1871 ipse
931 1793 1053 1852 444444444-
1102 1804 1204 1856 ,obtain
1224 1817 1251 1860 ,ι
1269 1806 1376 1860 ,bouem
1396 1803 1471 1859 Buta,
1489 1805 1518 1859 57,
1538 1809 1570 1859 ι,
1589 1806 1749 1878 Impedatf„
1764 1807 1819 1878 ps
1832 1811 1863 1864 0,

283 1893 350 1946 44444
371 1893 549 1962 rescriptum,
566 1899 595 1943 et
614 1887 706 1942 eudem
725 1905 783 1941 cum
802 1885 874 1958 gravi
894 1883 991 1936 damno
1013 1882 1051 1934 nl·
1100 1888 1226 1962 deant.

290 1976 373 2031 terius
390 1993 454 2028 usus
473 1976 519 2028 sit.
1137 1975 1190 2027 Nec
1207 1984 1310 2029 tantum
1329 1975 1443 2032 44444444
1462 1976 1496 2031 de
1514 1995 1604 2031 rasura
1621 1979 1661 2032 444
1675 1981 1863 2036 4444444444444
1901 1998 1914 2039 4

317 2060 422 2113 14444444
442 2061 511 2113 bons
536 2055 604 2112 fides
632 2067 659 2111 et
681 2056 877 2129 praesumptio,
901 2071 981 2124 quem
1006 2054 1050 2106 lex
1101 2060 1229 2128 suspecti,
1248 2061 1294 2112 sed
1326 2070 1354 2113 44
1379 2061 1507 2115 carcerari
1534 2072 1659 2131 possunt,
1682 2064 1825 2118 secundum
1845 2069 1862 2118 l.

279 2143 356 2196 hahet
371 2142 404 2196 de
419 2144 492 2214 ipso,
514 2141 618 2196 tollitur
635 2142 703 2194 ritio
722 2142 749 2194 in
769 2141 899 2211 scriptura
919 2155 1049 2210 4444444444-
1091 2140 1221 2211 jubemus
1233 2145 1262 2197 C.
1275 2145 1308 2198 de
1323 2145 1431 2216 probat.
1451 2147 1569 2199 4414444444
1582 2146 1609 2200 in
1621 2165 1696 2200 4444.
1713 2160 1772 2203 444.
1787 2165 1863 2205 mss.

281 2239 316 2282 le.
331 2229 453 2280 Menoch.
463 2243 553 2298 praes.
568 2239 610 2280 44.
624 2246 652 2279 44.
669 2229 701 2280 4.’
713 2226 731 2278 l.
756 2237 778 2278 t.
799 2225 828 2280 Si
847 2243 904 2278 enm
924 2219 1048 2277 444444444-
1098 2223 1262 2290 'Alexand-in
1278 2245 1354 2282 4444.
1367 2241 1409 2282 to.
1421 2231 1473 2284 col.
1490 2239 1511 2282 t.
1524 2229 1570 2284 444.
1587 2243 1609 2284 4.
1624 2235 1655 2286 ‘et
1671 2247 1746 2284 4444.
1762 2243 1821 2286 444.
1835 2255 1862 2288 n.

280 2312 334 2376 444,
362 2320 469 2365 tenetur
494 2328 580 2382 poena
605 2309 685 2378 44444,
713 2310 838 2364 videlicet
855 2309 1048 2380 deportationis
1101 2323 1124 2363 4.
1142 2310 1189 2363 Iih.
1218 2325 1241 2363 4.
1261 2313 1385 2365 Menocb.
1411 2313 1444 2366 de
1470 2301 1561 2383 praes.
1588 2324 1690 2386 praeest.
1718 2326 1760 2366 44.
1785 2336 1814 2369 44.
1838 2333 1863 2370 s.

277 2412 337 2449 cum
358 2395 539 2466 publicatione
561 2393 701 2448 bonorum.
727 2393 788 2449 Luc.
816 2393 849 2446 de
870 2396 952 2448 Peon.
971 2393 1000 2448 in
1028 2387 1065 2446 l.v
1097 2393 1165 2464 quod
1185 2405 1273 2450 tamen
1293 2414 1391 2456 rerum.
1411 2399 1516 2468 quando
1535 2399 1714 2468 praesumptio
1733 2411 1760 2453 et
1773 2403 1862 2472 suspi-

281 2493 303 2534 s.
323 2498 352 2531 44.
372 2489 396 2530 4.
416 2480 449 2536 G.
471 2487 500 2532 444
523 2493 604 2531 nemo
624 2476 699 2547 quid.
716 2493 796 2531 sunm
811 2487 915 2548 patroc.
938 2476 983 2530 lib.
1007 2488 1046 2530 tt.
1097 2479 1140 2533 cio
1169 2481 1310 2536 vehentem
1329 2482 1382 2554 ipsi
1401 2485 1483 2552 judici
1503 2483 1607 2538 ridetur
1620 2501 1625 2532 =
1638 2486 1735 2558 alioqui
1755 2505 1864 2543 necesse

281 2563 406 2615 Attamen
438 2579 521 2633 poene
554 2560 760 2631 publicationis,
779 2560 801 2612 si
820 2557 991 2614 sscendenles
1008 2560 1049 2617 444
1100 2581 1151 2616 444
1172 2565 1250 2619 habet
1269 2579 1419 2636 suspectum
1438 2568 1569 2638 prehendi
1590 2567 1693 2632 444444,
1713 2571 1757 2625 secl
1773 2571 1863 2627 hocin

279 2644 472 2700 descendentes
484 2644 589 2708 sdsint,
601 2647 666 2702 Ι4444
679 2643 830 2698 [4444444444
841 2651 966 2698 44444444.
979 2646 1047 2696 Νον.
1098 2651 1156 2716 ejus
1174 2649 1287 2702 arbitrio
1305 2660 1333 2705 et
1354 2659 1486 2722 potestate
1503 2653 1622 2726 positum
1642 2665 1683 2707 est
1694 2657 1817 2709 Menoch.
1836 2660 1861 2711 d.

282 2739 341 2782 444.
359 2748 381 2782 c.
405 2739 445 2780 44.
466 2729 552 2782 Antls.
572 2727 646 2782 tona
666 2728 861 2782 damnatorum
881 2726 909 2781 C.
926 2725 961 2778 de
973 2725 1047 2780 Bon·
1097 2744 1202 2806 puceu.
1215 2743 1241 2787 44
1260 2751 1287 2788 44,

277 2813 524 2884 proserpit-Myos.
544 2811 573 2865 in
593 2817 614 2874 §-
633 2811 696 2864 item
717 2813 763 2865 lex
782 2808 1049 2876 corneliadesalsia
1132 2815 1269 2868 interdum
1295 2816 1347 2868 4144
1379 2832 1464 2887 poens
1486 2815 1566 2869 babet
1587 2818 1691 2882 locum,
1709 2829 1739 2872 ut
1757 2823 1813 2875 dixi
1834 2825 1861 2875 in

278 2919 306 2954 44.
328 2913 368 2952 44.
386 2909 415 2952 44
433 2897 601 2951 8414444444.
614 2915 641 2950 n.
658 2907 697 2950 44.
716 2897 746 2948 J.
759 2895 792 2949 de
810 2895 893 2947 Pndl.
914 2893 982 2947 Jud.
995 2893 1046 2945 Ne·
1097 2905 1118 2961 4.
1141 2909 1162 2951 t.
1182 2917 1230 2970 pro
1249 2899 1375 2952 4444444444
1394 2898 1801 2970 delictorum,quemnlmodum
1813 2907 1862 2960 snb

276 3001 328 3054 que
350 2981 548 3053 deportationis
565 2997 649 3050 poenu
668 2980 748 3033 hodie
765 2977 881 3047 amplius
896 2978 923 3028 in
936 2994 984 3029 usu
996 2988 1046 3041 444,
1098 2981 1273 3036 Constantino
1292 2983 1472 3053 lmperntore,
1492 2983 1541 3036 snb
1558 2999 1609 3053 quo
1622 2982 1774 3051 (Florentio
1789 2989 1860 3056 judi·

278 3068 324 3122 sed
351 3065 488 3138 relegatio.
510 3064 635 3123 ntenoch.
647 3065 680 3118 de
694 3065 753 3119 444.
761 3063 821 3134 jud.
835 3071 937 3134 penest.
951 3079 974 3115 c.
988 3075 1047 3116 444.
1097 3068 1196 3137 cante)
1215 3067 1358 3137 suspendio
1376 3067 1485 3120 44444444
1503 3067 1632 3120 Eusebius
1652 3077 1694 3121 est
1712 3068 1806 3125 Comes
1820 3093 1862 3126 re-

278 3173 305 3208 ss.
325 3164 348 3204 4.
362 3153 409 3206 444.
428 3162 452 3204 4.
466 3150 520 3205 Jut.
540 3147 652 3202 Clonin
663 3145 840 3217 prachcrim.
861 3153 881 3208 ξ.
900 3143 1004 3208 fulsum
1018 3163 1045 3198 n.
1097 3167 1155 3201 runs
1176 3151 1357 3222 privaturum,
1374 3151 1442 3222 quod
1462 3151 1564 3204 Silssni
1591 3149 1706 3206 4444444444
1730 3155 1862 3226 pedestris

282 3251 321 3290 44.
333 3235 469 3289 interdum
487 3233 567 3286 etium
589 3231 763 3301 instigatione
781 3228 899 3301 punitur·
915 3229 1046 3284 Wesettb·
1099 3235 1222 3288 llectnris
1242 3233 1336 3287 litenis
1354 3234 1540 3296 abstersisset,
1560 3237 1670 3290 risisset
1682 3247 1708 3290 44
1723 3237 1863 3296 4444444444·

277 3323 305 3377 in
319 3332 410 3392 parat.
419 3315 460 3390 ff.
480 3321 517 3375 od
534 3321 565 3374 L·
585 3319 670 3374 Corn.
689 3317 723 3370 de
732 3314 807 3385 fisls.
1099 3326 1153 3381 set,
1173 3327 1202 3368 ut
1223 3325 1338 3369 testatur
1359 3317 1652 3371 Ammian.blarcell.l.
1670 3332 1709 3372 44.
1725 3323 1860 3379 interdurn

314 3406 474 3461 Prohibetur
492 3404 573 3457 444444
595 3401 710 3474 emplius
728 3399 854 3456 Notarius
883 3401 1047 3456 instrumen·
1099 3398 1365 3456 4444444414444444444
1384 3420 1477 3454 munus
1495 3412 1541 3454 444
1559 3401 1704 3470 digitorum
1725 3410 1814 3472 nervi,
1832 3423 1863 3464 ut

279 3503 336 3546 turn
355 3485 489 3544 conficere
506 3487 525 3538 l.
537 3486 566 3538 ci
578 3483 685 3558 aliquid
700 3495 740 3534 44.
760 3484 793 3538 C.
811 3484 845 3536 444
869 3493 984 3555 suscept.
1002 3485 1048 3538 lid.
1098 3485 1197 3538 similis
1216 3485 1383 3540 committere
1402 3485 1555 3549 dediscant,
1574 3489 1861 3555 amputanturcamill.

283 3587 324 3628 44.
341 3572 465 3625 Menocb.
481 3584 569 3641 praes.
592 3579 633 3620 44.
654 3585 682 3620 η.
704 3577 749 3619 44.
767 3566 864 3620 Tuscb.
884 3567 967 3620 conci.
991 3579 1048 3620 too.
1100 3570 1196 3625 Borell.
1214 3589 1292 3625 4444.
1313 3583 1355 3626 44.
1373 3575 1491 3626 Terretur
1507 3587 1612 3640 quoque
1632 3571 1662 3642 444
1677 3571 1824 3640 interesse,
1838 3578 1862 3629 44

284 3679 312 3712 44.
329 3669 353 3710 4.
372 3653 425 3710 ttr.
445 3657 480 3707 Ν.
500 3651 625 3708 Menoch.
642 3660 793 3723 44444444.
816 3669 847 3702 n.
865 3661 906 3703 44.
925 3651 992 3703 Nam
1012 3652 1048 3704 si·
1099 3656 1223 3710 damnum
1245 3655 1343 3709 exinde
1355 3657 1416 3727 quis
1434 3655 1554 3726 percepit
1569 3655 1587 3709 l.
1600 3655 1649 3726 pus'
1658 3657 1769 3712 nomine
1771 3658 1812 3729 ff
1826 3665 1863 3715 orl

280 3749 327 3793 cut
345 3739 428 3792 semel
440 3737 526 3792 bonus
539 3747 567 3791 et
578 3732 669 3792 fidelis
683 3753 787 3806 semper
798 3731 888 3787 fidelis
900 3737 1047 3806 praesumi·
1099 3742 1132 3793 t.
1142 3741 1230 3794 Corn.
1240 3735 1351 3808 desub.
1363 3739 1403 3792 ili
1412 3739 1494 3806 gloss.
1513 3737 1559 3789 nbi
1578 3748 1667 3809 potest
1682 3739 1774 3794 offerri
1793 3743 1864 3809 4444.

280 3821 655 3894 tur,hleiatusin1lespons.
677 3832 736 3873 444.
749 3839 777 3873 n.
790 3833 814 3872 4.
828 3819 951 3872 4444444444.
961 3837 1049 3890 praes.
1101 3830 1221 3876 mentum
1243 3821 1270 3874 in
1288 3821 1364 3873 litem
1383 3820 1415 3874 ad
1435 3819 1597 3890 probandum
1617 3824 1745 3877 interesse
1769 3824 1861 3880 damni

285 3921 325 3964 44.
345 3927 372 3962 n.
393 3920 421 3960 4.
439 3907 485 3961 444.
506 3918 530 3958 4.
549 3906 616 3960 4444
633 3905 859 3960 contrsrio.sernel
873 3905 966 3968 444144,
980 3921 1050 3956 sem·
1099 3905 1260 3976 emergentis
1279 3913 1306 3958 et
1324 3904 1391 3958 lucri
1411 3905 1542 3958 cessantis
1567 3907 1745 3960 intrinsecum
1764 3919 1792 3961 et
1816 3927 1862 3962 44-

169 4043 177 4058 ,
281 4013 330 4068 per
350 3993 434 4046 malus
451 3991 648 4064 praesumitur,
668 4009 726 4061 arg.
745 3990 763 4042 1.
784 3989 811 4042 si
828 3988 1047 4062 pniseoeorgcn·
1100 3986 1558 4044 trinsecummascndueprctae
1571 3989 1618 4044 lid.
1631 4000 1656 4043 4.
1669 3992 1788 4047 conclus.
1803 4005 1862 4050 444.

282 4080 362 4135 crariis
374 4077 397 4152 5.
421 4089 443 4130 4.
445 4077 487 4150 ff
499 4078 531 4130 444
544 4075 648 4130 44444444
663 4075 681 4127 4.
697 4088 720 4127 s.
735 4082 757 4137 4.
776 4072 875 4147 quaeri
893 4083 992 4143 potest.
1007 4071 1049 4142 ff
1101 4094 1130 4128 44.
1152 4088 1176 4128 e.

280 4180 355 4235 susp·
373 4173 454 4218 tutor.
477 4163 510 4217 C.
522 4163 608 4215 semel
621 4158 710 4230 magis
719 4160 828 4229 delleg.
851 4159 916 4212 Jur.
939 4157 967 4213 in
994 4169 1047 4212 tto.
1134 4160 1239 4214 L'ltimo
1257 4157 1315 4214 loeo
1332 4159 1512 4230 44444444444444
1533 4167 1587 4224 444,
1606 4159 1676 4230 quod
1690 4181 1743 4216 non
1759 4171 1860 4222 4444444

280 4261 309 4304 44
327 4247 429 4321 siquis
447 4246 529 4300 semel
547 4256 588 4300 est
605 4245 796 4310 calumniatus,
817 4242 849 4296 in
868 4241 988 4296 futurum
1008 4259 1048 4296 44-
1099 4245 1129 4298 44
1141 4245 1274 4316 scripture
1289 4247 1408 4318 publica,
1422 4247 1605 4300 verumetiam
1625 4247 1655 4299 44
1674 4248 1776 4318 prirsta
1791 4253 1863 4305 Scri-

281 4331 408 4389 tumulari
429 4331 609 4402 4444444444444444
627 4324 930 4402 1·⁸t'0“⁸'l·1'⁸‘5demffi
948 4326 981 4382 de
999 4345 1046 4381 44·
1099 4343 1171 4404 ptum
1191 4330 1286 4384 falsum
1307 4349 1397 4386 444444
1419 4340 1444 4386 44
1456 4332 1646 4386 4444411444444
1657 4334 1696 4388 444
1710 4333 1864 4392 4444414444-

282 4425 368 4472 cusat.
384 4413 487 4468 itemsi
506 4414 584 4468 miles
600 4414 669 4468 male
688 4429 716 4466 se
734 4412 818 4482 gessit
836 4411 867 4466 in
886 4411 1001 4476 militie,
1020 4421 1048 4465 et
1100 4419 1172 4470 sione
1189 4417 1323 4470 committi
1342 4418 1444 4490 possit,
1464 4433 1512 4471 nec
1530 4417 1702 4488 imputribilis
1720 4427 1774 4474 est,
1801 4437 1863 4474 eon.

281 4505 311 4556 in
332 4501 452 4555 lutumm
471 4492 540 4554 44444
559 4517 587 4552 44
599 4510 734 4570 gesturum
752 4497 939 4568 praesumitur.
959 4496 976 4547 l.
990 4515 1046 4550 non
1101 4512 1139 4556 444
1159 4501 1291 4554 casteone.
1306 4500 1335 4554 444
1349 4517 1425 4556 com.
1440 4512 1498 4554 tet.
1512 4520 1540 4552 44,
1557 4511 1578 4550 t.
1591 4500 1637 4568 qui
1650 4499 1744 4552 statuit
1766 4500 1860 4559 fagum

280 4602 376 4644 omnes
394 4584 595 4650 §.auertatis
598 4581 639 4654 ff.
651 4585 684 4638 de
698 4601 726 4636 re
741 4581 821 4635 Milit-
836 4583 1046 4635 instrumentum
1100 4587 1151 4639 4414
1173 4583 1386 4638 444444444444444
1408 4599 1465 4636 esse
1491 4581 1700 4652 impunibilem,
1729 4581 1791 4652 quia
1821 4583 1863 4636 illi

279 4687 340 4724 sero
352 4666 422 4739 quod
435 4674 498 4720 ante
510 4665 758 4720 condemnationem
771 4661 969 4727 celebrarit,et
982 4679 1048 4713 non·
1100 4671 1170 4724 null,
1196 4667 1263 4723 fide,
1288 4669 1446 4729 4444444444,
1474 4665 1529 4722 sed
1545 4667 1633 4720 4444444
1651 4674 1707 4732 444,
1725 4684 1808 4738 ,eque
1825 4680 1862 4722 44.

281 4753 345 4806 4444444
366 4749 525 4820 444444444444
543 4758 605 4820 44044
622 4747 871 4802 4044444444ῑῖ0444444
891 4753 980 4815 4404444
1003 4764 1050 4817 Pu·
1099 4755 1159 4809 neri
1178 4754 1211 4808 de
1230 4752 1309 4816 44444,
1327 4753 1374 4824 qui
1388 4751 1455 4806 illud
1467 4751 1605 4806 committit
1621 4750 1649 4803 44
1664 4749 1795 4822 scriptura
1807 4753 1863 4824 pri-

279 4839 379 4890 4444444
405 4835 478 4892 Bact.
500 4835 519 4888 1·
547 4833 709 4890 Β44444444444·
734 4853 760 4886 n.
791 4832 889 4904 ¹⁶·‚ffl
912 4835 947 4887 de
971 4830 1047 4904 ‘ffe-
1098 4849 1170 4905 4444,
1190 4857 1219 4892 44
1239 4837 1261 4890 44
1282 4837 1309 4888 in
1323 4835 1520 4908 publica,qnia
1535 4841 1561 4887 el
1572 4833 1675 4906 primtn
1687 4835 1864 4890 instnsmcnto

280 4925 410 4976 Ρ44444444·
435 4915 574 4972 0044444444
597 4927 686 4972 44444444
716 4927 776 4990 [44444
798 4917 1047 4970 4044444444444444444
1099 4926 1185 4997 aliqua
1208 4923 1338 4996 probandi
1362 4925 1403 4978 cis
1427 4923 1514 4986 inest,
1536 4922 1710 4992 praesertim,
1727 4921 1751 4974 44
1772 4932 1865 4976 contra

281 5007 388 5074 4444444444
407 5011 435 5056 44
453 5002 573 5056 4444444444
591 5003 662 5055 4444444
675 5005 770 5056 calent.
786 5001 859 5054 44444·
874 5003 904 5054 444
917 5002 935 5053 Ῑ·
952 5001 1048 5057 ‘fldem
1100 5009 1260 5064 scribentem
1280 5007 1458 5078 producatur,
1472 5015 1502 5060 44
1514 5019 1539 5062 44
1551 5007 1591 5059 444
1602 5005 1630 5058 44
1645 5005 1694 5058 hoc
1708 5003 1806 5058 lalaitss
1818 5023 1862 5060 re·

283 5087 433 5159 4444444444
446 5081 884 5157 i‘d‘ffi‘l‘ffidstsubnlleiffll‘i·
899 5103 926 5137 44·
937 5096 958 5136 ¹·
972 5085 1047 5139 led.
1097 5113 1157 5149 4444
1176 5091 1304 5148 committi
1322 5093 1419 5163 possit,
1437 5109 1503 5163 quae
1520 5090 1672 5145 communis
1693 5087 1744 5142 nd.
1770 5090 1865 5160 opinio

281 5176 310 5229 s'n
326 5171 1047 5242 l.eaeercrndisc·defid.instrumavers.tertiomodn
1100 5179 1173 5232 4144,
1192 5178 1221 5231 444
1246 5193 1322 5231 cons,
1345 5189 1386 5230 44,
1411 5177 1443 5230 44,’
1470 5189 1492 5229 t.
1522 5171 1575 5245 ins,
1604 5173 1650 5227 444.
1687 5185 1708 5226 t.
1739 5173 1862 5226 4444444444,

278 5272 307 5314 et
316 5275 383 5312 4444.
393 5258 597 5314 munburdum.
607 5259 668 5312 licet
681 5257 778 5312 facturn
792 5259 823 5311 ad
836 5257 894 5330 pins
906 5257 1049 5314 causssl's·
1097 5263 1131 5314 de
1146 5270 1311 5331 praesumpt.
1330 5271 1436 5333 quante.
1450 5271 1493 5312 44.
1506 5277 1534 5312 ss·
1556 5269 1598 5311 44.
1611 5258 1629 5310 4.
1650 5258 1675 5309 Τ
1673 5257 1722 5310 4444
1736 5255 1764 5308 in
1777 5255 1863 5326 pnff.

279 5344 446 5414 rinpcsnest.
459 5351 552 5397 4444.
565 5353 623 5412 cp.
639 5355 662 5394 4.
678 5341 738 5394 Nisi
753 5342 939 5396 condemnatio
953 5342 985 5396 de
998 5342 1047 5394 lul·
1097 5347 1135 5402 ,444
1155 5343 1284 5410 Municip.
1303 5345 1322 5397 1.
1340 5364 1403 5418 peu.
1421 5345 1454 5398 de
1467 5340 1565 5396 inco'is
1579 5339 1626 5396 4444
1637 5340 1719 5411 gloss.
1733 5339 1752 5391 1.
1754 5336 1813 5407 stu.
1828 5341 1861 5394 (λ

280 5446 310 5484 so
329 5443 381 5480 non
400 5425 483 5482 luerit
499 5425 567 5482 lacta
588 5445 635 5500 per
649 5426 810 5482 sententium
823 5423 929 5500 publice
940 5428 1044 5495 lectam,
1095 5427 1210 5498 desnls·
1228 5427 1276 5482 udi
1297 5428 1379 5498 gloss.
1398 5426 1521 5481 blenocb.
1539 5425 1570 5479 de
1584 5423 1654 5484 Arb
1674 5421 1742 5478 Jud-
1760 5431 1864 5494 quaest.
