4482 6328
389 459 442 532 637
754 456 803 512 nn
819 455 886 512 tttt.
905 455 975 514 clv.
992 454 1039 514 ET
1055 455 1144 513 Ellis
1164 456 1305 528 REQUIS.
1325 457 1466 516 NECESS.
1779 465 1830 518 638

320 557 373 630 (ι.)
394 559 477 613 Certo
496 575 530 614 oc
547 555 638 614 debito
656 573 747 614 senem
764 555 939 629 specificatio.
958 575 986 610 ιι.
1006 565 1048 607 ιι.
1135 553 1270 624 pluribus,
1289 555 1386 626 mribus
1410 573 1507 611 nornen
1526 559 1583 628 ejns
1601 555 1737 628 ignotum,
1758 583 1787 618 ec
1807 581 1839 618 ex
1857 565 1899 620 ol.

317 641 440 698 libellus
457 641 530 697 enim
547 642 684 712 generalis
703 659 760 696 non
780 639 941 696 admittitur.
958 659 986 694 n.
1007 653 1049 694 so.
1135 633 1198 692 ficio
1217 641 1302 708 magis
1321 641 1394 694 nosci
1408 657 1557 712 personum,
1571 661 1651 713 quam
1669 662 1702 699 ex
1720 649 1829 703 tremine
1840 669 1902 721 prn-

315 727 351 782 In
370 745 493 800 quonum
512 728 598 782 lotect
615 727 664 781 illc
680 724 869 797 generalitas?
887 743 914 778 n.
935 738 977 780 st.
1136 720 1183 774 bal
1201 721 1218 775 l·
1238 723 1348 794 pen-ff
1358 728 1393 779 de
1405 727 1485 780 rebus
1501 727 1599 783 dubiis.
1619 731 1786 784 Schneidess.
1799 735 1828 788 in
1842 744 1863 799 ι.
1882 749 1903 790 t.

320 811 407 866 Cotus
424 811 454 864 in
473 811 569 883 quibus
587 809 753 881 generaliter
768 808 867 879 egitur.
887 827 915 862 n.
935 819 978 862 sa.
1137 809 1204 858 lust.
1223 807 1257 861 de
1276 821 1329 863 eet.
1350 828 1378 862 ιι.
1401 822 1461 866 ιιι.
1480 812 1611 866 Obreolst.v
1624 833 1647 868 c.
1671 827 1710 870 tt.
1732 835 1759 872 ιι.
1784 829 1823 871 to.
1842 819 1903 878 Non

320 895 467 952 Conclusio
485 895 571 950 titettt
585 895 708 949 continet
722 893 889 967 petitionem.
907 911 936 947 n.
956 905 998 947 ts.
1134 891 1242 960 quidem
1261 904 1368 964 peccet,
1395 897 1443 965 qui
1467 899 1608 969 proprium
1633 917 1729 954 nomen
1754 903 1854 970 indicis
1872 909 1902 960 iu

314 977 422 1050 Diffest
439 1001 458 1036 o
475 978 652 1035 conclusione
668 977 835 1050 syllogismi.
854 996 882 1031 n.
901 987 944 1032 et.
1132 973 1226 1027 libello
1243 975 1383 1047 exprimit,
1404 978 1442 1028 ite
1462 986 1551 1031 umen
1564 990 1669 1033 nonest
1682 993 1815 1054 receptum
1836 1005 1903 1052 usu;

315 1064 466 1122 Conclusio
486 1075 529 1120 est
542 1062 688 1136 potissima
707 1063 794 1118 libelli
808 1077 882 1134 port.
902 1081 929 1116 n.
951 1073 991 1116 ιι.
1133 1055 1180 1108 sed
1196 1055 1309 1127 scilicit,
1324 1071 1353 1114 ut
1369 1059 1495 1116 officium
1519 1061 1658 1133 dignitatis
1678 1067 1717 1119 vel
1735 1067 1901 1136 jurisdictio

315 1147 460 1204 Conclusio
480 1158 540 1219 apte
557 1147 712 1204 concludet·
731 1165 760 1200 n.
778 1159 822 1200 ts.
1133 1139 1178 1194 nis
1199 1141 1327 1211 designet.

315 1233 459 1288 Conclusio
479 1231 591 1305 quondo
611 1251 669 1286 nou
689 1223 1027 1286 suessulanum.
1169 1226 1200 1278 ln
1219 1243 1321 1280 cornera
1340 1239 1428 1284 temen
1453 1230 1565 1302 imperii
1591 1231 1641 1287 boc
1665 1245 1782 1308 tempore
1805 1257 1903 1296 nornen
1939 1257 1953 1298 s

313 1319 421 1376 Formo
448 1319 653 1385 concludendi,
677 1319 714 1373 ob
735 1317 918 1378 diversitatem
940 1317 1080 1373 curiorum
1132 1307 1236 1364 domini
1255 1313 1353 1382 iudicis
1373 1333 1422 1386 pro
1445 1315 1531 1386 ipsius
1548 1316 1680 1386 dignitate
1697 1321 1840 1394 principeli
1859 1343 1902 1380 ec-

346 1405 500 1476 pscescribi
517 1423 576 1459 non
592 1411 691 1476 potest.
710 1421 738 1458 n.
758 1415 800 1458 stt.
1133 1394 1279 1450 ΰῙθιῑιιῑὶῦι
1297 1398 1459 1470 exprimitur
1476 1400 1526 1454 ¹¹⁰0
1548 1401 1640 1462 mollot
1665 1405 1905 1479 Hoebsourdigster

758 1519 761 1526 ,
1131 1478 1237 1546 diust,
1262 1481 1440 1537 lloemisclrer
1462 1487 1544 1556 Koys
1565 1485 1714 1556 Moiestnet
1737 1492 1902 1550 Commerri.

261 1585 264 1590 '
351 1525 427 1629 elem
447 1573 480 1627 ad
498 1571 603 1643 species
626 1569 778 1629 libellorum
801 1568 1007 1632 dereniendums
1033 1566 1079 1621 ubi
1132 1564 1220 1630 oller,
1243 1569 1398 1639 gnoediger
1412 1573 1502 1634 Hesrs
1526 1589 1588 1627 nem
1610 1573 1656 1628 nbi
1675 1594 1764 1632 cotem
1789 1597 1901 1652 persona

314 1655 403 1729 primo
418 1658 557 1727 quaeritur
572 1654 638 1726 quiri
656 1655 694 1710 sit
709 1654 816 1708 libellus
840 1653 943 1709 civilis:
962 1662 1003 1706 est
1021 1668 1081 1706 reso
1130 1647 1239 1715 publice
1260 1651 1356 1722 egitur,
1375 1664 1448 1709 reete
1465 1675 1562 1712 nomen
1588 1657 1675 1714 cilicii
1700 1661 1839 1734 dignitmu
1859 1667 1899 1736 ju.

314 1739 386 1794 nihil
405 1741 481 1795 aliud
500 1759 578 1812 quem
597 1739 685 1794 brevis
702 1740 842 1794 verborum
861 1738 1012 1809 conceptio,
1030 1755 1080 1808 que
1133 1729 1298 1788 risdietionis
1317 1738 1460 1793 tribunelis
1479 1751 1528 1796 etc.
1546 1747 1667 1814 ponitur.

313 1827 374 1898 quis
390 1836 483 1882 contre
507 1825 684 1882 edsmsrrium
710 1842 787 1880 soum
805 1825 835 1878 in
853 1823 977 1879 civilibus
995 1822 1079 1877 ‹lisce-
1166 1817 1274 1872 Deinde
1291 1837 1393 1894 quoque
1411 1843 1508 1880 nomen
1522 1829 1621 1896 judicis
1641 1831 1670 1884 in
1689 1831 1900 1902 petitione'con·
1941 1854 1970 1900 to

312 1913 476 1984 pictionibus
493 1911 594 1977 utitur,
614 1913 678 1966 dum
698 1927 755 1964 rem
774 1913 864 1975 suern',
888 1919 933 1963 eut
947 1908 993 1972 id,
1010 1907 1080 1978 quod
1132 1899 1282 1970 limium,
1302 1918 1329 1961 ut
1348 1907 1466 1978 scietur,
1485 1929 1518 1964 nn
1538 1913 1572 1966 sit
1589 1926 1742 1986 competens
1767 1921 1807 1972 rel
1832 1937 1901 1985 nou3

312 1997 367 2052 sibi
386 1997 479 2052 deberi
497 2005 591 2068 putet,
616 1995 646 2050 in
670 1995 772 2064 judicic
795 1993 866 2066 petit
889 1993 995 2049 intutae
1019 1993 1079 2048 litis
1130 1985 1245 2040 Mltim-
1264 1987 1293 2042 in
1313 2008 1337 2044 c·
1356 1991 1588 2064 significantibus.
1607 2017 1634 2052 n.
1651 2011 1692 2053 tt·
1706 2001 1739 2055 ele
1751 2001 1833 2056 libell.
1845 2005 1899 2058 obl.

315 2081 435 2154 speeiem
451 2080 570 2136 civiliter
588 2093 749 2151 proponens.
1130 2070 1178 2123 ubi
1203 2072 1242 2126 sic
1269 2075 1474 2146 exprimendum
1499 2081 1632 2150 jndicem,
1651 2095 1678 2139 ιιι
1696 2085 1733 2138 sit
1752 2097 1854 2153 certus,
1874 2098 1901 2142 et
1940 2101 1976 2144 tt*

349 2165 457 2222 Constat
474 2166 527 2221 iste
543 2165 650 2220 libellus
664 2164 742 2230 thesi,
759 2162 810 2218 boc
829 2173 867 2219 ιιι
883 2161 1078 2236 propositione,
1131 2161 1194 2208 ium
1213 2173 1329 2212 etmrem
1347 2163 1468 2217 nominis
1487 2183 1543 2218 non
1560 2183 1656 2220 nocere
1681 2186 1728 2239 pes·
1745 2171 1763 2222 1.
1780 2189 1843 2240 pen.
1858 2171 1900 2243 ff

312 2251 474 2326 hypothesi,
499 2251 549 2306 lsoe
576 2259 618 2304 est
641 2249 842 2320 subsumptione
866 2258 895 2302 et
912 2247 1080 2302 conclusione
1128 2240 1163 2292 ds
1192 2241 1285 2297 Judic·
1307 2246 1387 2300 aliter
1406 2265 1441 2301 tc·
1454 2249 1478 2302 si
1496 2262 1633 2305 esteretur
1649 2251 1678 2304 in
1695 2253 1899 2324 jurisdictione,

313 2355 362 2394 seu
378 2337 517 2409 petitione.
537 2335 627 2390 Primr
647 2351 708 2405 pars
724 2334 793 2402 juris
812 2332 1028 2404 dispositionem,
1042 2334 1079 2386 sl·
1128 2322 1199 2392 quod
1221 2325 1302 2394 judex
1322 2329 1362 2382 sit
1376 2331 1525 2402 spiritualis
1543 2343 1571 2388 et
1588 2353 1665 2389 cause
1689 2339 1830 2407 secuturis,
1858 2343 1900 2396 ,et

312 2432 369 2478 tcta
385 2421 450 2476 lecti
472 2419 692 2493 applicationem,
718 2417 798 2471 tertis
820 2417 969 2470 illationem
988 2425 1014 2470 et
1032 2435 1078 2488 po-
1129 2415 1519 2473 consummantum
1537 2429 1563 2473 te
1581 2419 1672 2474 ordire.
1691 2423 1790 2495 copule.
1809 2433 1859 2478 etc,
1876 2425 1904 2480 ῃ·

258 2559 261 2568 ,
314 2505 484 2562 stulstionem
508 2503 722 2576 comprehendit.
747 2501 826 2556 Unde
849 2501 932 2554 etiam
957 2519 972 2554 e
999 2501 1079 2556 Zasio
1124 2494 1215 2565 iudex
1233 2498 1321 2554 laicus
1338 2499 1371 2552 de
1389 2513 1462 2557 sent.
1481 2522 1520 2558 ee
1536 2521 1636 2558 comm.
1658 2517 1702 2562 aut
1725 2507 1796 2578 quod
1814 2511 1901 2581 possit

311 2583 915 2658 syllogismusdicitnsbegistsrnminpr.1nst.
925 2583 1078 2638 deAction.
1129 2581 1256 2648 eeromri,
1277 2595 1324 2638 eut
1340 2587 1414 2656 quod
1433 2589 1520 2658 ipsius
1532 2601 1649 2661 potestas
1661 2595 1714 2661 jusu
1730 2595 1900 2666 expiraverit,

310 2695 338 2730 ιι.
360 2687 401 2728 ιι.
418 2673 539 2745 quemvis
555 2681 645 2745 pestes
658 2671 760 2742 ptores
780 2670 937 2741 quandoque
954 2679 1078 2740 transpo-
1129 2674 1175 2718 ιιιι
1196 2667 1268 2735 quod
1288 2685 1333 2721 sue
1352 2671 1507 2738 jurisdictio
1533 2676 1571 2728 rel
1598 2685 1711 2746 potestas
1737 2696 1768 2732 eo
1793 2695 1821 2732 se
1845 2698 1899 2734 non

311 2764 426 2818 uantur:
444 2757 483 2812 ite
506 2766 538 2812 ιιι
561 2755 675 2810 sectmds
698 2767 760 2826 pass
786 2752 862 2824 psius
883 2762 913 2806 et
935 2753 1010 2824 prior
1034 2768 1076 2806 se·
1128 2749 1259 2804 extendat.
1277 2753 1328 2806 llis
1346 2755 1511 2809 obstantibus
1532 2759 1601 2811 licus
1616 2759 1706 2812 libello
1724 2762 1769 2814 six
1788 2780 1898 2834 resinu-

310 2841 395 2896 ωῃὼ
412 2850 534 2914 pemeus.
1129 2833 1212 2888 debit.
1231 2834 1300 2888 Nem
1318 2839 1559 2908 quemadmodum,
1585 2845 1609 2896 si
1637 2853 1712 2898 extra
1732 2847 1899 2900 territorium

350 2927 389 2981 Ac
408 2927 490 2981 etiem
508 2927 533 2980 si
550 2935 642 2996 egetur
658 2926 718 2995 jare
734 2934 806 2978 certo
821 2931 900 2992 atque
918 2920 1077 2985 indubitato,
1128 2918 1168 2972 sel
1186 2934 1266 2989 supre
1283 2921 1499 2989 jurisdictionem
1524 2925 1618 2980 citatio
1642 2923 1687 2993 bt,
1713 2927 1825 3001 impune
1843 2949 1898 2984 non

311 3009 399 3064 instes
411 3009 735 3081 Enthymcmatisisctnrn
755 3024 833 3076 seepe
851 3007 935 3060 solum
954 3004 1076 3073 ponitur:
1130 3014 1245 3072 paretur,
1271 3005 1291 3056 l.
1304 3004 1364 3075 fin.
1380 3007 1424 3076 ff.
1448 3011 1487 3063 de
1502 3011 1601 3079 jurisd.
1630 3013 1737 3082 quando
1763 3031 1799 3068 sc.
1825 3029 1898 3070 extre
1922 3037 1930 3044 ·

312 3093 368 3149 sire
386 3105 472 3150 sutem
490 3095 520 3148 in
539 3093 623 3150 formo
642 3091 788 3164 syllogismi
808 3090 863 3146 site
880 3089 909 3140 in
929 3085 1078 3142 iormalin·
1127 3107 1206 3143 omne
1224 3090 1335 3144 dubium
1353 3103 1408 3158 est,
1428 3095 1557 3149 nitentem
1584 3114 1638 3148 non
1663 3096 1759 3152 hebere
1786 3101 1897 3169 jurisdi-

309 3177 477 3248 tbyrnematis
497 3179 669 3251 concipietur,
688 3173 835 3247 propositio
853 3173 942 3226 minor
960 3171 1016 3226 sire
1033 3189 1076 3224 nn·
1128 3173 1246 3228 ctionem
1264 3175 1294 3228 in
1312 3177 1426 3231 citatum
1440 3189 1467 3233 et
1483 3179 1571 3250 quoad
1587 3199 1649 3234 eum
1670 3183 1771 3238 notorie
1794 3187 1896 3240 incom-

310 3265 433 3318 tccedens
451 3265 543 3318 omitti
561 3281 611 3318 nec
630 3262 714 3329 debet,
728 3280 778 3318 nec
788 3270 882 3332 potest,
895 3275 954 3312 cum
969 3257 1076 3331 petendi
1128 3265 1267 3328 petentem·
1275 3275 1341 3315 esse.
1359 3261 1378 3314 l.
1399 3274 1442 3316 st.
1460 3271 1482 3328 ς.
1491 3263 1550 3334 fin.
1561 3263 1603 3334 ff.
1622 3267 1655 3318 de
1673 3286 1702 3320 re
1718 3267 1803 3332 judic.
1815 3270 1834 3321 l.
1851 3289 1897 3323 uu.

311 3367 415 3405 censam
432 3358 562 3421 qnatenus
588 3349 620 3400 in
643 3345 776 3420 proesenti
799 3345 884 3411 lactc,
909 3361 942 3396 ex
965 3361 1017 3414 quo
1034 3345 1077 3414 jus
1126 3343 1158 3398 C.
1175 3343 1203 3398 si
1217 3362 1390 3419 quoscunque
1413 3348 1546 3416 praedict.
1570 3359 1668 3419 potest.
1694 3352 1736 3404 lte
1759 3353 1842 3405 etiem
1864 3356 1897 3406 tt·-

311 3435 396 3490 ectcri
414 3435 560 3506 competit,
578 3432 614 3488 ob
631 3435 703 3506 quod
726 3431 856 3502 judicium
880 3429 1035 3484 instituitur
1054 3443 1079 3487 ot
1129 3425 1198 3480 bello
1217 3427 1301 3496 judici
1320 3433 1423 3488 notorie
1438 3434 1638 3508 incompetenti*
1650 3435 1773 3490 exhibito
1790 3437 1899 3510 impune

311 3520 380 3576 actio
396 3521 549 3584 intentetur,
566 3518 655 3590 postu
674 3529 720 3584 est,
741 3516 883 3572 mutinen.
903 3515 968 3588 Ejus
987 3528 1075 3574 autem
1126 3529 1182 3566 non
1198 3515 1392 3586 respondetur.-

310 3605 424 3660 nerretio
441 3617 469 3662 ut
484 3603 572 3658 brevis
591 3613 619 3657 et
636 3601 753 3658 dilucide
771 3603 809 3656 sit
826 3601 904 3658 onice
927 3603 1074 3658 slhboran·
1163 3599 1261 3656 Sedet
1278 3603 1372 3657 actoris
1391 3605 1578 3662 nomenetirm
1592 3605 1734 3677 proprium
1752 3605 1843 3662 libello
1856 3610 1898 3662 ιιιι
1938 3621 1968 3663 ιι

311 3688 374 3744 dum
392 3689 519 3744 Obrecht.
537 3689 571 3745 d,
578 3684 672 3758 som
691 3686 737 3741 ιιι.
755 3707 778 3741 0,
800 3697 842 3742 tt.
859 3706 887 3742 η,
909 3700 951 3744 ³0.
1128 3683 1271 3738 serendum
1292 3696 1343 3751 cst,
1359 3705 1412 3758 qno
1429 3689 1520 3758 judex,
1537 3691 1599 3761 quis
1617 3701 1682 3759 eget,
1695 3699 1722 3742 et
1734 3707 1796 3744 reus
1814 3711 1898 3763 equo

345 3773 426 3828 Modo
445 3773 598 3844 Syllogismi
610 3772 812 3845 praesupposito
824 3772 1076 3844 reqsurunturaliae
1128 3769 1300 3823 conveniatur
1318 3772 1391 3835 sciet,
1403 3771 1472 3828 iecit
1484 3775 1556 3828 enim
1576 3785 1604 3828 et
1622 3775 1680 3841 hoc,
1701 3787 1728 3830 ιιι
1746 3791 1815 3840 reue,
1833 3779 1899 3848 quid

309 3866 399 3932 pestes
425 3858 599 3924 essentiales,
627 3875 723 3930 cneque
748 3857 778 3910 iu
804 3859 922 3930 sequenti
949 3857 1077 3912 versiculo
1128 3851 1359 3922 obtruncatum,
1379 3856 1899 3932 deliberesepossit,flerinamq;po·

309 3959 459 4013 exprmae:
1129 3945 1190 4003 test,
1208 3947 1238 3992 ιιι
1255 3939 1346 4006 etiem,
1360 3942 1451 3998 andito
1470 3944 1564 3998 sotoris
1581 3943 1693 3998 nomine
1709 3960 1770 3999 reus
1786 3945 1836 3998 lite
1853 3964 1897 4000 ce-

332 4028 408 4094 Quis,
425 4026 600 4098 caldeorum
612 4027 805 4102 puo,puojrete
816 4036 970 4098 petasum
982 4047 999 4081 a
1012 4048 1076 4100 pue,
1128 4021 1180 4076 det·
1198 4022 1232 4074 Et
1249 4027 1369 4092 quamvis
1384 4026 1435 4079 nt.
1449 4027 1650 4096 expressionem
1664 4029 1782 4084 nominis
1801 4032 1898 4086 sotoris
1939 4045 1967 4086 ιι

363 4113 445 4164 llecte
462 4113 625 4182 compositus
642 4112 754 4186 quisque
772 4111 879 4165 libellus
896 4111 984 4166 babet.
1128 4124 1182 4161 non
1200 4107 1268 4162 adeo
1283 4111 1460 4164 necessarium
1472 4127 1530 4165 esse
1547 4122 1651 4183 putent,
1670 4117 1695 4166 si
1713 4116 1780 4187 ipse,
1795 4117 1823 4169 in
1837 4135 1898 4188 pro·

312 4189 400 4248 Aliter
417 4193 508 4264 glossa
526 4195 555 4248 in
575 4213 598 4248 c.
621 4208 644 4251 t.
662 4195 737 4250 verb·
750 4193 871 4248 libellum
891 4195 976 4249 X--cle
994 4195 1077 4250 libell.
1126 4193 1185 4262 prin
1204 4209 1317 4265 persone
1335 4203 1362 4246 et
1380 4211 1465 4259 owse,
1485 4195 1605 4249 libellum
1623 4197 1750 4250 exhibent
1769 4197 1846 4252 Beld.
1866 4202 1896 4254 in

310 4279 395 4334 oblat.
414 4279 463 4333 bes
481 4291 566 4352 pestes
584 4281 734 4352 expressite
1128 4276 1146 4326 l
1173 4288 1197 4330 s.
1222 4279 1254 4334 c.
1279 4278 1311 4330 de
1340 4275 1454 4332 edendo.
1481 4277 1604 4333 Obrecht.
1622 4299 1645 4336 c.
1668 4290 1707 4333 ιι.
1727 4299 1754 4332 ιι.
1778 4291 1817 4331 ιι.
1836 4283 1898 4350 quia

346 4363 479 4420 Consenti
494 4381 605 4428 nomen,
624 4383 726 4418 nomen
744 4383 851 4438 quoque
868 4363 1063 4429 convenientis,
1128 4377 1236 4432 semper
1255 4370 1344 4416 certus
1363 4370 1420 4424 est,
1439 4370 1466 4413 et
1484 4361 1509 4413 is
1527 4363 1699 4432 intelligitur,
1717 4363 1763 4430 qui
1783 4381 1832 4416 suu
1849 4383 1896 4418 no·

345 4449 453 4506 Iudicis
469 4458 496 4504 st
513 4467 614 4505 nomen
632 4451 740 4517 scribet,
759 4467 924 4521 causamque
938 4449 1058 4518 petendi,
1127 4444 1201 4500 mine
1218 4445 1338 4500 libellum
1359 4446 1387 4498 in
1407 4445 1507 4514 judicio
1527 4445 1660 4516 producit,
1679 4447 1698 4496 1.
1716 4445 1745 4498 in
1764 4447 1896 4517 tribusffi

344 4535 385 4589 Et
401 4553 585 4610 quoscumque
598 4543 671 4604 petet
686 4551 740 4602 res,
758 4534 826 4589 istos
843 4534 958 4588 scribere
975 4533 1061 4588 delet.
1128 4531 1161 4584 de
1180 4531 1265 4600 judic.
1291 4548 1339 4582 usu
1366 4539 1453 4583 tamen
1477 4532 1638 4582 contmrium
1663 4531 1789 4595 invaluit,
1809 4541 1836 4584 et
1856 4551 1897 4586 re-

346 4621 378 4672 ln
396 4620 505 4674 exordio
522 4619 606 4692 igitur
623 4617 769 4673 nmmserio
794 4635 891 4670 nornen
908 4614 1008 4686 judicis
1026 4635 1073 4687 po·
1127 4631 1183 4682 cte,
1203 4628 1244 4671 est
1261 4618 1335 4672 enim
1357 4616 1456 4670 actoris
1482 4616 1551 4668 male
1576 4617 1629 4670 sibi
1657 4617 1773 4684 conscii,
1798 4635 1897 4674 nomen

310 4704 394 4769 nitur,
411 4715 441 4758 ιιι
458 4716 564 4771 constet,
582 4721 672 4758 cosam
689 4721 741 4775 qno
758 4713 830 4758 ector
853 4703 966 4756 atterum
982 4715 1075 4754 ιοιιο·
1127 4723 1203 4760 ιιιυιιι
1224 4715 1322 4770 tecete,
1341 4713 1418 4773 atque
1436 4705 1474 4756 ite
1493 4704 1634 4758 celumniis
1653 4721 1744 4758 ansam
1762 4703 1897 4776 psaeberes

309 4790 382 4844 niet:
401 4791 470 4844 actio
488 4793 562 4846 enim
580 4809 670 4846 cotem
690 4789 780 4859 judice
795 4789 900 4844 institui
912 4789 1000 4852 debet,
1013 4787 1075 4857 quia
1128 4789 1314 4845 Proctuutorio
1331 4789 1441 4842 nomine
1458 4787 1562 4859 φιιιιιιο
1586 4789 1647 4859 quis
1670 4789 1740 4860 egit,
1760 4790 1826 4860 quin
1845 4807 1894 4844 no·
1935 4804 1966 4844 ιι

310 4891 390 4928 nemo
412 4873 466 4946 ipsi
488 4873 657 4946 χιιρῶιιὸμῳ
679 4875 721 4946 jus
739 4874 827 4928 dicere
841 4881 934 4946 potest.
951 4874 968 4924 l.
991 4881 1075 4928 extet.
1128 4893 1188 4928 men
1208 4877 1249 4928 sui
1268 4873 1425 4946 principelis
1443 4874 1738 4946 exprimereteneetur,
1749 4891 1826 4930 nemo
1839 4895 1895 4930 em*

275 4981 278 4986 ·
314 4970 354 5015 ιι.
363 4955 406 5027 ff.
425 4959 499 5030 quod
516 4967 603 5013 metus
619 4975 713 5014 corun.
732 4957 810 5029 Quod
828 4957 953 5011 exhibent
978 4973 1074 5012 nomen
1127 4960 1327 5031 bigit,cum·eo
1343 4959 1452 5022 omisso,
1466 4975 1526 5012 reus
1537 4958 1716 5012 adversarium
1731 4976 1806 5015 suum
1821 4963 1896 5031 igno·

309 5043 410 5116 judicis
428 5059 555 5109 necesse,
581 5043 658 5112 cujus
681 5043 823 5115 proprium
841 5058 938 5096 nomen
956 5043 1076 5112 exprimi
1126 5053 1207 5110 reret,
1225 5053 1289 5098 suut
1307 5051 1395 5096 tamen
1415 5044 1444 5094 ιιι
1464 5040 1627 5095 contrarium
1646 5041 1778 5105 abeuntes,
1795 5053 1823 5096 et
1841 5045 1897 5094 sul-

309 5148 522 5188 successurum
540 5139 597 5197 est,
620 5129 671 5182 sed
690 5129 853 5201 compellari.
868 5147 928 5182 eum
953 5129 1075 5183 usitatius
1126 5125 1216 5194 ficere,
1236 5127 1262 5182 si
1278 5127 1308 5180 in
1326 5126 1452 5180 mandato
1470 5125 1656 5198 procuratorio
1675 5143 1771 5180 nomen
1797 5129 1895 5182 ectoris

311 5227 352 5272 cst
362 5213 460 5282 cilicii,
472 5213 612 5286 dignitatis
622 5215 664 5270 sel
676 5213 870 5283 jurisdictionis
883 5214 1001 5277 nornine,
1013 5214 1074 5284 quir
1126 5229 1300 5286 expressum,
1320 5220 1460 5284 putantess
1481 5211 1597 5266 Boeesus
1615 5213 1695 5264 cluss.
1716 5225 1739 5266 o.
1759 5212 1830 5282 ‹lup-
1854 5225 1893 5266 tt.

310 5299 397 5370 agitur
414 5315 502 5356 coram
519 5317 565 5366 co,
584 5311 717 5370 tamquam
735 5297 892 5364 Magistratus
910 5299 952 5352 sel
970 5297 1074 5368 publica
1125 5299 1162 5352 tls.
1186 5308 1225 5350 tt·
1247 5297 1358 5366 Zeugen
1378 5295 1411 5349 de
1430 5307 1537 5367 except.
1555 5315 1584 5366 p.
1606 5307 1632 5350 ι.
1650 5315 1711 5366 cop·
1733 5307 1772 5350 tt.
1792 5317 1820 5350 n.
1847 5311 1885 5350 ιι.

309 5395 441 5458 potestate
459 5383 590 5462 prsedito.
613 5383 650 5442 Et
672 5381 884 5452 u-Magistratu
910 5383 969 5454 quis
995 5393 1072 5438 ιοιιιι
1164 5381 1285 5452 Denique
1305 5390 1332 5434 et
1350 5381 1388 5434 rei
1408 5397 1506 5434 nomen
1524 5382 1553 5434 in
1572 5381 1663 5436 libello
1689 5381 1894 5440 uon-omittec·
1934 5397 1964 5440 ts
