4478 6350
363 548 415 598 223

287 661 319 700 so
340 647 390 700 der
411 646 600 702 Uetetrtaenr
617 648 683 702 Leib
708 649 768 704 ond
798 649 869 702 Gotd
894 649 969 702 nield
993 669 1055 705 wer·

290 734 420 796 curetes,
440 749 508 786 vom
527 733 619 786 beben
639 753 699 787 zum
724 735 797 788 Tude
812 734 952 805 gestroffl,
981 735 1056 789 Weid

290 817 349 869 und
365 816 474 868 It'r'nder
490 835 527 868 on
547 815 598 870 den
617 817 707 872 Betnt
723 818 802 883 stat,
829 817 889 871 und
910 817 961 872 dos
984 817 1056 872 Goth

291 921 328 956 on
347 901 407 954 dem
425 905 518 954 Herm
538 903 701 971 eugeniesen
721 904 840 966 werden,
859 914 908 956 eto·
928 901 1002 958 Patet
1015 919 1056 954 au·

290 995 344 1040 tem
363 1001 397 1038 ex
415 985 465 1036 hoc
482 985 607 1048 articulo,
626 985 684 1038 dari
703 985 813 1039 omnino
831 1005 905 1039 casus
928 985 1054 1056 quosdam

288 1083 394 1144 praeter
410 1069 519 1122 Crimen
537 1069 688 1140 Maiestatis
706 1070 802 1135 laesae,
822 1071 850 1122 in
869 1070 965 1141 quibus
984 1071 1053 1124 Con-

289 1154 394 1208 liscetio
413 1155 543 1208 bonorum
562 1155 648 1206 adhuc
668 1154 747 1207 hodie
764 1153 977 1224 obtineat,qnod
990 1153 1054 1206 satis

290 1237 412 1291 indicant
422 1236 499 1290 rerba
510 1236 718 1304 hujusarticnli:
734 1237 806 1289 Odor
816 1247 892 1288 sonet
905 1235 934 1287 in
950 1236 1053 1288 andern

289 1322 424 1384 Facilem
441 1323 500 1375 Jem
519 1338 658 1392 possumus
677 1321 829 1374 summatim
849 1339 897 1390 pro
910 1319 1054 1374 decidenda

289 1407 338 1460 bac
357 1403 541 1458 Controversia
561 1404 599 1458 ita
615 1404 787 1458 concluderet
805 1400 963 1456 Coniiscatio
975 1404 1055 1456 intuo-

289 1509 348 1545 rttm
369 1487 450 1541 hodic
468 1490 498 1541 in
517 1489 650 1542 damnatis
668 1489 702 1540 ad
725 1489 851 1541 ultimum
877 1488 1054 1559 supplicium,
1087 1487 1089 1494 '

289 1579 344 1634 solo
362 1575 477 1630 crimine
495 1575 646 1643 Maiestatis
665 1585 787 1644 excepto,
802 1584 899 1639 cessat,
913 1575 934 1626 si
950 1575 1053 1642 cogitati

287 1663 393 1724 adsint,
412 1659 445 1712 ad
465 1659 573 1712 tertium
597 1677 679 1727 usque
703 1659 828 1726 gradum,
856 1659 883 1710 in
907 1657 969 1710 eliis
995 1673 1053 1710 roro

288 1746 389 1809 musis,
409 1744 456 1796 nbi
475 1744 587 1814 capitale
606 1761 657 1796 non
678 1753 718 1796 est
741 1743 918 1815 supplicium,
944 1742 972 1792 si
992 1740 1055 1794 baec

288 1827 485 1886 confiscationis
503 1845 585 1899 poene
602 1845 727 1900 expressa
746 1829 798 1891 sit,
816 1828 901 1881 adhuc
916 1827 993 1879 bodie
1005 1826 1054 1878 ob-

291 1917 370 1972 tinet.

324 1999 366 2051 Ex
385 1998 460 2050 hisce
479 1995 622 2068 praedietis
641 1995 720 2050 facile
737 2013 839 2067 quoqne
852 1994 966 2048 ad'banc
974 2013 1052 2065 ntiae·

286 2084 401 2136 stionem
421 2081 582 2152 respondere
599 2080 707 2142 licebit;
725 2079 803 2132 'Anne
822 2079 880 2132 scil.
891 2079 1005 2148 quilibet
1014 2099 1055 2132 ca·

279 2167 409 2238 ,piteliter
427 2167 615 2220 condemnatus
636 2165 766 2219 debonis
788 2164 843 2216 suis
865 2172 1054 2215 testamentum

284 2251 398 2304 condere
417 2247 518 2321 possit?
535 2249 575 2302 De
594 2251 660 2303 lure
681 2249 764 2302 reteri
782 2249 846 2300 satis
868 2258 973 2312 notum,
986 2249 1056 2318 quod

285 2337 372 2406 eapite
392 2333 533 2388 darnnmus
560 2342 748 2387 testamentum
773 2331 859 2386 lacere
880 2341 1007 2402 nequeat,
1031 2343 1058 2385 et

284 2419 353 2490 qiud
373 2425 436 2470 ente
460 2416 708 2470 condemnationem
734 2415 811 2480 serit,
835 2425 922 2486 postea
947 2413 1055 2468 irritum

289 2499 338 2556 tlat
355 2503 373 2555 l.
393 2517 422 2556 e.
440 2499 464 2573 5.
484 2514 507 2553 s.
526 2499 560 2554 cle
579 2501 688 2572 lnytnto
706 2512 783 2570 rupto
807 2495 983 2566 medestae.
996 2510 1055 2552 test.

283 2588 303 2638 1.
323 2597 362 2638 25·
382 2581 406 2656 5
442 2599 467 2638 t·
475 2581 517 2654 ff
535 2583 569 2638 de
586 2583 700 2656 Aequir·
718 2581 826 2637 haered.
846 2581 880 2634 Et
897 2581 991 2636 hooob
1002 2601 1058 2637 eas-

283 2669 350 2724 dem
370 2670 486 2722 rationes
505 2667 538 2720 ob
556 2685 620 2738 ques
639 2669 704 2720 lure
721 2667 830 2736 antiqno
848 2665 928 2719 etiam
946 2664 980 2719 de
999 2668 1054 2720 suis

283 2751 363 2806 bouis
382 2750 525 2820 disponere
544 2747 741 2820 prohibebatur.
761 2749 883 2803 Attamen
901 2765 933 2800 rx
950 2767 1052 2802 nonme

729 550 777 604 DE
795 549 950 604 Ettec'ru
970 551 1145 606 ctncstus
1167 549 1214 605 tt)
1234 550 1442 607 etstonttm
1748 557 1800 621 2'24

1110 649 1251 704 factionem
1270 656 1409 719 amittant,
1422 654 1468 725 qui
1479 653 1511 706 ad
1525 663 1662 726 perpetuos
1680 669 1796 711 carceres
1809 671 1871 708 con·

1109 732 1241 800 detnnnti,
1261 735 1315 788 nisi
1334 737 1451 802 crimen,
1477 749 1584 810 propter
1607 739 1677 809 quod
1702 759 1783 810 poena
1809 739 1872 792 baec

1107 819 1218 872 carceris
1238 819 1400 890 imponitur,
1419 820 1455 873 sit
1476 823 1537 885 tale,
1556 839 1648 892 exqun
1663 824 1727 876 bona
1741 823 1872 894 publicari

1109 903 1201 955 solent.
1223 905 1294 958 Petr.
1311 905 1422 974 Gregor.
1440 905 1547 957 Tholas.
1567 910 1645 975 rl'pnt.
1665 910 1728 962 Jur.
1754 909 1832 962 [snio.
1852 907 1869 958 l.

1111 996 1122 1035 t
1145 1021 1151 1036 .
1170 1007 1192 1040 c.
1215 1001 1239 1040 s·
1259 1007 1286 1040 n.
1309 1002 1350 1040 tt.
1369 989 1568 1043 Observandum
1596 1001 1681 1046 tamen
1702 991 1788 1064 quood
1811 993 1869 1055 illa,

1107 1089 1172 1139 quae
1192 1073 1271 1126 modo
1288 1074 1421 1142 diximus,
1445 1076 1507 1146 quia
1532 1078 1664 1132 damnatis
1686 1079 1719 1130 ad
1745 1079 1872 1131 ultimum

1105 1156 1264 1226 supplicium
1277 1158 1343 1211 bona
1357 1161 1422 1212 Jnre
1435 1161 1579 1214 novissimo
1591 1181 1644 1216 nou
1657 1163 1817 1232 simpliciter
1829 1181 1871 1216 re-

1106 1239 1278 1309 linquuntur,
1299 1241 1345 1294 sed
1362 1243 1385 1296 si
1406 1244 1520 1297 habeant
1543 1246 1655 1310 liberos,
1682 1249 1722 1300 rel
1748 1256 1871 1318 parentes

1107 1325 1148 1376 rel
1165 1335 1287 1390 cognatos
1299 1327 1331 1378 ad
1347 1329 1454 1380 tertium
1467 1329 1590 1396 gradum,
1605 1333 1692 1384 ciart.
1702 1331 1784 1386 Bono
1798 1333 1872 1385 dom·

1107 1415 1235 1459 notorum
1253 1409 1285 1462 C·
1305 1407 1338 1460 de
1353 1410 1416 1463 bon·
1426 1412 1567 1481 proscript.
1579 1414 1642 1466 inde
1654 1415 1787 1485 sequitur,
1800 1413 1872 1484 quod

1105 1506 1153 1542 nec
1172 1489 1280 1544 tuctus
1295 1495 1410 1546 testandi
1423 1495 1556 1548 ‹tamnatts
1569 1498 1647 1552 aliter
1659 1508 1805 1569 competat,
1817 1498 1875 1551 nisi

1106 1577 1207 1627 ratione
1226 1576 1319 1628 harum
1338 1595 1518 1648 personarum.
1538 1582 1589 1634 llis
1601 1581 1672 1636 enim
1684 1581 1872 1637 deficientibus

1104 1657 1190 1709 adbuc
1209 1656 1288 1711 hodie
1306 1678 1409 1730 qrthne
1426 1661 1493 1715 buna
1512 1682 1637 1736 occupare
1656 1675 1746 1737 posset
1768 1667 1870 1720 Fiscus.

1141 1739 1199 1792 Non
1220 1743 1348 1794 minimus
1366 1743 1480 1814 deniqne
1500 1747 1578 1814 ltujns
1603 1748 1721 1802 Carceris
1746 1746 1870 1810 effectus,
1908 1755 1938 1796 tt

1106 1823 1230 1892 estquod
1251 1823 1425 1880 incarceratus
1445 1831 1601 1898 praesertim
1620 1831 1655 1884 ob
1677 1830 1818 1894 delictum,
1842 1848 1871 1882 se

1107 1903 1194 1973 ipsum
1213 1906 1282 1958 alere
1301 1907 1408 1972 debent,
1428 1921 1454 1962 et
1474 1911 1529 1964 suis
1558 1913 1707 1983 sumptibus
1726 1916 1757 1966 L
1777 1933 1870 1985 qnem-

1107 1989 1252 2042 admodum
1271 1989 1294 2062 5.
1314 1995 1544 2064 Magistrutnsffi
1563 1999 1600 2048 od
1617 2000 1648 2050 L·
1674 1999 1768 2068 Apuli.
1795 1997 1871 2050 Boot.

1111 2073 1197 2127 oens.
1219 2089 1279 2128 sot.
1301 2096 1328 2128 n.
1350 2090 1375 2129 t.
1396 2079 1472 2134 modo
1492 2080 1558 2132 bone
1577 2083 1634 2152 ipse
1648 2082 1742 2136 habeat
1755 2081 1824 2134 unde
1842 2097 1879 2132 se·

1107 2159 1238 2211 sustinere
1257 2162 1353 2228 possit·,
1375 2162 1404 2216 Si
1423 2181 1484 2214 rero
1504 2163 1548 2214 illa
1569 2180 1619 2216 nun
1635 2163 1739 2226 adsint,
1759 2183 1773 2214 o
1791 2163 1870 2216 Curia

1107 2240 1147 2292 rel
1169 2241 1276 2294 Publice
1293 2243 1383 2312 alitur.
1405 2245 1505 2298 ttttiu.
1529 2245 1619 2299 Deoia.
1645 2251 1686 2299 τι.
1714 2246 1814 2298 tilbert.
1839 2245 1869 2298 in

1108 2322 1185 2391 hs
1198 2327 1230 2380 C·
1248 2327 1280 2378 de
1303 2328 1367 2380 ord.
1387 2331 1454 2398 θος.
1474 2330 1532 2382 Non
1553 2341 1640 2382 tannen
1660 2341 1781 2400 sumptus
1801 2330 1869 2382 Exe-

1107 2408 1222 2461 cutionis
1242 2411 1391 2464 sententias
1404 2412 1542 2467 damnatus
1560 2415 1592 2467 ad
1612 2424 1726 2468 nicetem
1745 2417 1814 2467 l'erre
1833 2423 1873 2466 te«

1108 2500 1195 2544 netur.
1214 2493 1292 2562 ttetg.
1308 2515 1336 2564 p.
1358 2506 1383 2546 2.
1396 2517 1440 2567 qn.
1454 2485 1594 2552 tanstc.
1610 2500 1639 2552 Si
1652 2517 1714 2554 sero
1726 2499 1759 2550 ad
1774 2499 1873 2552 instan-

1109 2578 1172 2628 tiam
1191 2577 1316 2646 eiicujus,
1331 2598 1365 2655 .c.·
1377 2599 1401 2650 g·
1422 2581 1533 2636 Debitor
1551 2583 1584 2635 ad
1603 2583 1760 2638 instantiam
1780 2583 1872 2634 Credi·

1108 2661 1188 2725 toris,
1207 2663 1266 2731 quis
1288 2660 1476 2730 incireemtus,
1490 2676 1553 2718 tunc
1567 2665 1589 2720 si
1606 2683 1703 2737 pauper
1716 2667 1767 2727 sit,
1781 2666 1871 2728 abeo,

1106 2743 1151 2812 qui
1172 2741 1235 2797 iecit
1254 2747 1327 2800 illurn
1344 2749 1517 2814 incarcerari,
1527 2751 1652 2802 alimenta
1666 2759 1726 2803 sunt
1740 2762 1872 2820 praestan·

285 2837 381 2894 tudine
389 2837 505 2907 generali
515 2835 552 2888 cb
564 2835 691 2890 sublatam
706 2834 837 2888 rationem
851 2832 1052 2904 prohibitionis,
1105 2825 1145 2878 dn.
1166 2829 1256 2882 Gloss.
1275 2831 1303 2882 in
1322 2834 1354 2885 L.
1362 2831 1394 2901 s
1412 2836 1444 2889 C.
1463 2833 1497 2888 de
1514 2851 1586 2905 erog·
1607 2835 1663 2887 mil.
1684 2853 1752 2888 onn.
1774 2833 1871 2887 ttnin.

284 2921 382 2992 ubique
402 2919 456 2973 iere
473 2921 590 2972 locorum
605 2919 768 2971 contrarium
780 2918 946 2981 observatur,
960 2928 987 2972 et
998 2918 1056 2970 snb-
1108 2908 1163 2962 dec.
1185 2923 1225 2964 tt.
1245 2933 1272 2964 n.
1294 2917 1702 2971 venenatissimorum
1724 2935 1752 2968 n.
1770 2932 1789 2969 t.
1808 2928 1830 2966 t.
1848 2930 1870 2966 t.

283 3004 385 3057 sistunt
398 3010 572 3066 testamenta,
591 3019 657 3070 qnae
669 3001 702 3054 ab
717 3001 846 3070 eiusmodi
857 3001 910 3054 reis
923 3011 984 3054 ante
996 3019 1055 3055 con·
1096 2993 1138 3064 ff·
1157 2995 1190 3046 de
1208 3001 1249 3051 Be
1271 2999 1337 3051 Jud.
1358 2999 1459 3052 Surdus
1477 2999 1511 3053 de
1531 3000 1680 3054 alimentis
1698 3001 1715 3052 l.
1732 3013 1753 3052 t.
1772 3021 1816 3071 qn.
1830 3012 1871 3051 tt.

283 3089 501 3152 destinationem,
515 3090 557 3142 rel
570 3097 630 3160 post
644 3107 716 3154 eam,
730 3103 891 3159 quocumque
905 3089 982 3142 modo
995 3107 1056 3142 con-
1107 3096 1135 3128 η·
1158 3090 1181 3131 ²·
1199 3079 1268 3150 quod
1288 3079 1353 3134 adeo
1371 3099 1462 3135 rerum
1481 3093 1536 3148 est,
1555 3095 1586 3138 ut
1603 3083 1627 3137 si
1645 3083 1714 3140 torte
1728 3101 1776 3136 nec
1789 3084 1872 3135 inrar-

284 3175 344 3228 dir,
363 3185 442 3239 sunt,
460 3173 517 3227 Jut,
535 3172 604 3225 clar,
623 3173 642 3226 l:
662 3187 688 3226 t.
705 3177 827 3226 semem,
853 3170 877 3244 5
903 3182 1055 3227 gestamme
1088 3173 1209 3218 ..aeratus
1230 3165 1343 3218 Debitor
1361 3185 1394 3218 cx
1411 3169 1467 3220 suis
1490 3168 1578 3222 rivere
1604 3171 1703 3240 possit,
1729 3187 1777 3221 noc
1802 3170 1873 3220 alere

284 3283 328 3330 qn.
350 3271 392 3311 tt.
413 3279 441 3312 n.
463 3271 486 3312 t.
505 3257 593 3310 Cder.
610 3269 684 3326 port.
706 3271 729 3310 t.
749 3257 842 3312 Πρωὶ.
862 3269 903 3308 tt.
922 3278 950 3310 η.
967 3273 990 3311 a.
1003 3258 1055 3311 Hic
1106 3265 1165 3300 eum
1185 3247 1338 3302 Creditores
1355 3250 1449 3314 velint,
1469 3251 1516 3321 qrii
1536 3250 1654 3305 lecerunt
1667 3253 1744 3304 illurn
1760 3253 1873 3304 incarne·

284 3353 371 3396 tamen
386 3340 466 3392 etiam
480 3339 629 3409 excipimus
645 3339 730 3392 lleurn
742 3340 866 3392 criminis
880 3343 1056 3410 laesaellaje·
1106 3332 1173 3396 ‘³152
1194 3341 1257 3385 ¹⁰⁰⁰
1273 3333 1359 3386 luti&
1379 3344 1466 3404 [volt-³1
1490 3336 1680 3389 incarceratum
1705 3337 1824 3388 relaxare
1847 3345 1875 3386 et

283 3423 374 3485 stetis,
392 3433 420 3476 et
432 3423 492 3474 illos
506 3439 594 3486 casus,
607 3422 654 3475 ubi
667 3421 749 3476 bodie
760 3419 922 3475 Coniisratio
936 3424 1056 3477 obtinet.
1106 3414 1255 3468 dimittere.
1276 3417 1342 3486 dog.
1361 3417 1389 3470 in
1410 3415 1475 3488 §.s.
1495 3423 1562 3473 Inrt.
1581 3422 1614 3474 de
1633 3430 1685 3473 oet.
1699 3422 1790 3474 tason.
1802 3421 1829 3472 in
1845 3422 1873 3470 d:

293 3549 296 3554 ,
317 3509 419 3562 Ultimo
438 3508 509 3562 hunc
527 3525 616 3562 casum
635 3508 722 3562 adbuc
740 3511 1054 3584 proponemnstsicapi-
1107 3497 1126 3550 Ῑ·
1144 3497 1171 3550 51'
1187 3497 1289 3552 vicium
1309 3519 1337 3550 n·
1358 3511 1381 3550 ²·
1390 3500 1431 3568 ff·
1450 3501 1483 3554 de
1500 3505 1533 3554 lt.
1560 3503 1628 3556 Jud.
1653 3501 1774 3554 blindan·
1797 3505 1873 3558 Con-

286 3592 374 3646 taliter
391 3591 532 3646 bennatus
550 3593 651 3645 nullum
671 3591 768 3648 condat
793 3603 996 3661 testamentum,
1023 3615 1056 3650 an
1106 3579 1172 3632 snit.
1190 3584 1299 3636 Sam·
1318 3581 1336 3633 1·
1359 3595 1381 3634 ¹·
1400 3603 1443 3654 91¹·
1467 3594 1523 3638 ¹⁰⁴·
1543 3583 1577 3637 Ei
1596 3585 1659 3637 ¹¹⁸oe
1677 3585 1814 3638 Sententia
1834 3585 1874 3634 ti·

285 3689 388 3750 quoqne
413 3677 444 3730 „d
471 3674 597 3731 haerede,
622 3695 682 3730 200,
708 3677 741 3730 ,b
766 3678 893 3732 insufflo
917 3679 986 3734 bon,
1010 3697 1057 3734 ,m
1106 3665 1185 3718 detur
1203 3667 1352 3720 communis
1372 3685 1555 3738 somnumque
1575 3671 1735 3741 nequitatem
1761 3668 1874 3729 babens,

285 3757 468 3817 trettsroittat?
487 3765 544 3814 lico
563 3759 734 3825 allitmatur,
750 3763 882 3833 siquidem
895 3765 966 3816 nulla
979 3781 1055 3818 mu„
1107 3747 1239 3818 siqnidem
1258 3749 1374 3803 maxima
1393 3750 1491 3819 injuria
1510 3749 1626 3806 insertur
1643 3759 1790 3814 carcerato,
1811 3749 1876 3802 dnm

286 3847 394 3898 metans
414 3843 458 3895 bic
475 3843 566 3908 adest,
586 3854 612 3897 et
630 3855 750 3898 cessante
773 3845 902 3899 bonorum
928 3843 1054 3901 confisra-
1107 3832 1233 3885 ‘luminii
1252 3833 1304 3904 itssi
1319 3833 1559 3902 dettegantur.d.1.
1579 3836 1694 3890 Victum·
1710 3837 1781 3888 9⁰¹¹*-
1794 3835 1875 3900 Gfefi'·

288 3931 361 3982 tioue
378 3929 483 3982 nullum
503 3931 552 3982 Jus
571 3928 729 3982 succedendi
748 3929 825 3983 Piceo
843 3941 1056 4002 competercpo·
1107 3915 1214 3968 Thm-
1239 3920 1381 3990 syntagm.
1406 3919 1436 3970 J·
1459 3919 1539 3973 Μ’·
1563 3921 1581 3970 1·
1610 3931 1652 3974 ³¹·
1678 3939 1702 3974 ⁶·
1723 3931 1764 3972 ³³·
1784 3937 1811 3972 '¹-
1833 3929 1875 3970 ²³·

290 4023 356 4074 mg,
374 4013 422 4083 qni
442 4021 505 4066 tuno
522 4011 629 4066 ,leffium
648 4011 812 4077 adsumitur,
832 4015 855 4067 ,ἱ
876 4015 944 4068 „um
966 4015 1056 4066 haere.
1107 3999 1213 4052 Deinde
1231 4001 1312 4054 etiam
1331 4003 1414 4056 nimis
1432 4003 1563 4072 injustum
1581 4004 1652 4058 ioret
1664 4005 1801 4058 hominem
1816 4020 1877 4074 pro·

287 4099 332 4150 de.
351 4097 465 4168 legitimi
485 4097 612 4151 existant,
630 4100 663 4150 L,
681 4101 707 4152 1,
724 4105 750 4152 02
768 4101 800 4151 L,
820 4101 955 4153 poema
972 4100 1004 4154 ς,
1023 4097 1056 4150 ,10
1105 4095 1166 4157 pter
1183 4084 1304 4138 debitum
1323 4085 1429 4157 aliquod
1448 4089 1488 4140 vel
1506 4089 1585 4142 aliam
1604 4091 1687 4142 levem
1706 4105 1808 4142 censam
1830 4086 1874 4138 in·

287 4181 739 4254 b0„,v0ftam,cafp107,pmct,
765 4181 881 4238 crtmfffi
904 4202 931 4253 ρ,
960 4194 985 4234 a,
1009 4201 1055 4254 qu,
1107 4177 1286 4235 carceratum,
1304 4170 1393 4222 inedie
1412 4169 1532 4242 latusque
1550 4173 1660 4228 interit-i
1673 4181 1701 4226 et
1713 4171 1809 4224 necari.
1829 4171 1878 4222 Ti·

296 4277 353 4318 tes.
373 4285 400 4318 a.
423 4279 464 4320 tt.
1106 4271 1181 4325 raqtt
1199 4255 1232 4308 de
1248 4271 1331 4321 poen.
1344 4255 1400 4306 mit.
1414 4271 1487 4308 eone.
1504 4255 1557 4326 infi
1571 4269 1612 4310 se.
1628 4255 1730 4310 Surdus
1744 4253 1776 4308 de
1791 4254 1887 4312 Atta..

323 4351 395 4405 Hinc
411 4365 514 4423 quoqne
531 4346 659 4414 dicirnus,
677 4348 750 4419 quod
766 4365 815 4402 nec
832 4349 875 4402 ittt
902 4349 1055 4403 testamenti
1114 4339 1166 4392 Til·
1187 4351 1210 4392 ⁷·
1231 4359 1275 4410 qu·
1300 4351 1336 4392 ¹⁶·
1358 4358 1385 4390 n·
1407 4347 1447 4389 ⁴⁴·

915 4489 1253 4604 cernet.

612 4701 670 4769 De
687 4702 850 4770 Personir
864 4702 958 4768 circo
974 4701 1066 4768 duno
1080 4717 1252 4768 carcerem
1267 4687 1554 4782 delinquentibus.

1111 4893 1143 4946 B
1157 4891 1274 4945 carcere
1281 4881 1386 4955 fugere
1402 4885 1466 4940 ticet
1478 4887 1558 4940 modo
1572 4883 1602 4936 id
1614 4877 1735 4951 nonfiot
1745 4897 1806 4936 rum
1820 4897 1880 4936 eor·

1150 4971 1219 5026 ceris
1237 4967 1396 5041 effractore.
1416 4987 1445 5021 n.
1466 4981 1490 5022 s.

1112 5052 1298 5126 Licetsngere
1317 5053 1402 5124 ruptis
1418 5051 1538 5108 vinculis
1550 5049 1577 5104 si
1586 5051 1660 5121 juste
1679 5054 1816 5099 metuatur
1827 5043 1881 5096 ini-

479 4895 821 4952 sommum

292 5065 412 5136 Quinam
429 5061 605 5133 Effractores
623 5059 749 5117 dicendi?
768 5080 797 5114 n.
818 5069 840 5109 t.

289 5155 390 5205 Poeno
408 5145 597 5217 Effroetnroe.
616 5167 642 5200 n.
663 5158 688 5198 t.
1149 5157 1218 5211 pons
1238 5137 1344 5192 Jndex.
1364 5157 1392 5190 n.
1414 5147 1439 5188 t.

292 5239 436 5304 Quaenam
453 5251 547 5303 poeno
565 5230 645 5286 dodr‘e
663 5231 838 5286 obser-vener?
855 5251 882 5284 n.
907 5247 930 5284 s·
1111 5223 1284 5294 Eoeemplum
1295 5223 1401 5294 judicit
1418 5220 1520 5294 iniqui:
1536 5242 1564 5274 n.
1584 5235 1609 5272 a.

288 5319 444 5388 Etiompro
458 5335 544 5374 conso
557 5317 643 5374 Civili
655 5315 841 5374 incarceratus
853 5315 1004 5387 effiingens
1017 5313 1059 5367 in·
1111 5313 1212 5364 Poeno
1231 5305 1388 5379 effractoris
1406 5327 1463 5362 non
1480 5307 1595 5378 punitur
1612 5301 1707 5356 animo
1732 5297 1886 5351 revertendi

303 5398 310 5412 '
326 5403 411 5458 currit
422 5422 554 5474 poenam.
574 5424 600 5458 n.
623 5413 647 5454 t.
1150 5391 1366 5462 carceresrncto
1375 5391 1502 5462 sopiens.
1523 5407 1550 5440 n.
1572 5401 1595 5440 s.

291 5487 395 5560 lapion
416 5497 570 5548 carceratus
588 5486 661 5548 licite
678 5503 800 5548 carceres
818 5487 948 5562 effir'ngit.
968 5507 995 5542 n.
1018 5497 1041 5539 s.
1116 5473 1442 5534 Custodescarcerisotim
1450 5465 1883 5528 Comutettlttt't'etttesdt'can.to.
