4478 6350
365 516 415 574 32³
610 513 807 574 INCENDIUM
827 515 985 574 OASUALE
1001 517 1125 576 FUISSE
1143 521 1320 594 QUOMODO
1339 523 1538 586 tenuatum
1757 537 1809 606 iai

857 711 1288 790 POSITIOVI.

640 871 849 942 Incendium
862 877 1126 968 casualesuisse
1140 883 1304 968 quomodo
1316 887 1506 978 probetur?

1176 976 1257 1031 X„

289 1077 436 1146 Cosuuie
450 1071 549 1141 inisse
567 1063 765 1134 incendium
782 1065 936 1160 aliquod,
957 1065 1167 1154 probandum
1193 1071 1235 1137 ab
1259 1075 1499 1168 inhabitatore3
1516 1095 1550 1148 et
1572 1085 1608 1152 in
1630 1087 1753 1170 dubio,
1776 1092 1802 1156 si
1821 1092 1864 1160 de

332 1193 408 1236 casu
425 1160 601 1232 manifeste
618 1179 683 1220 non
700 1169 840 1242 constet,
857 1157 1029 1248 culposum
1054 1160 1181 1225 tamdiu
1207 1171 1505 1254 praesumendum,
1522 1173 1628 1244 donec
1651 1179 1862 1269 diligentiam

332 1259 479 1324 debitam
503 1273 569 1319 ase
584 1245 766 1314 adhibitam
792 1249 982 1336 probaverit
1001 1249 1214 1319 inhabitator.
1232 1255 1322 1325 liinc
1337 1273 1369 1326 et
1393 1265 1589 1333 incendium
1605 1269 1777 1338 incertum
1795 1295 1862 1342 non

333 1350 447 1417 statim
462 1343 504 1414 ad
519 1337 677 1410 casualia
694 1336 918 1404 referendum.

484 1537 550 1590 Sis
560 1533 591 1585 tt
600 1532 636 1586 d!
645 1531 673 1582 A
685 1531 710 1582 li
722 1533 742 1586 I
753 1529 782 1582 A
1098 1535 1258 1608 ridendum,
1277 1544 1301 1596 si
1325 1545 1359 1600 de
1377 1564 1439 1602 msa
1464 1547 1547 1605 dubio
1571 1569 1743 1622 quaeramus,
1763 1567 1787 1610 et
1805 1573 1869 1610 con-

1098 1619 1189 1678 ductor
1201 1623 1289 1680 iorsao
1304 1632 1407 1685 msuale
1420 1633 1573 1689 incendium
1588 1637 1675 1704 dieat,
1694 1639 1789 1695 butor
1803 1658 1864 1696 reru

289 1708 451 1768 incendium
463 1705 522 1758 sine
540 1697 924 1770 culpufieripoase‚dubium
946 1699 1051 1754 uidetur
1097 1707 1253 1778 cuiposnm,
1271 1713 1313 1766 cui
1331 1733 1398 1768 onus
1417 1717 1549 1785 probandi
1574 1720 1790 1792 injungendum?
1809 1725 1863 1780 No·

320 1799 397 1854 add,-
409 1815 460 1868 W
475 1793 494 1844 ι,
523 1786 613 1862 ¹¹·ff·
637 1791 671 1844 de
687 1787 769 1856 peric.
793 1799 820 1841 et
838 1791 982 1844 cosnrnodo
1001 1791 1050 1844 rei·
1096 1803 1179 1848 noter
1194 1801 1348 1866 quaerimus
1366 1801 1398 1856 de
1417 1821 1477 1856 casu
1503 1805 1597 1872 (lubio,
1617 1825 1676 1862 raam
1697 1813 1720 1864 ei
1739 1809 1864 1864 fulminis

323 1885 399 1940 md,
419 1899 489 1953 φωρ
507 1879 665 1948 explicatur.
685 1894 713 1926 n·
736 1885 758 1926 1.
1098 1877 1168 1946 ieta,
1188 1882 1227 1934 rei
1245 1884 1296 1937 alia
1316 1885 1453 1942 martiiesta
1473 1889 1572 1944 ratione
1596 1892 1753 1948 incendium
1772 1895 1864 1948 subor-

286 1977 321 2028 1n
343 1985 408 2026 auu
425 1964 526 2028 dubio,
551 1962 578 2015 si
592 1961 740 2014 conductor
757 1961 869 2012 casuale
894 1959 1049 2014 incendium
1097 1973 1168 2030 tum,
1188 1965 1236 2018 baa
1260 1967 1415 2036 probatione
1440 1989 1491 2024 noa
1516 1991 1584 2043 opus
1607 1976 1675 2040 erite
1696 1979 1862 2047 Qmmquam

320 2054 407 2116 dicat,
433 2051 540 2102 locator
557 2061 624 2099 vero
643 2043 798 2111 culparum,
817 2042 928 2096 euirtam
945 2042 1049 2094 inrum·
1096 2061 1196 2112 autem,
1213 2055 1282 2123 qarod
1302 2053 1464 2110 deisionem
1490 2059 1769 2129 quaestionantium
1791 2081 1865 2134 prae·

324 2139 371 2190 bat
391 2150 461 2188 anau
477 2130 636 2200 probandi?
655 2145 683 2179 n·
704 2137 729 2178 2.
1097 2137 1216 2206 sumptio
1234 2138 1386 2208 regulariter
1396 2141 1432 2194 ait
1448 2141 1480 2193 in
1500 2144 1638 2196 meliorem
1657 2157 1773 2216 partu,
1786 2158 1814 2201 ut
1827 2149 1866 2200 sie

290 2221 375 2294 Quali
390 2221 470 2290 culpo
487 2215 643 2272 incendium
658 2223 853 2283 praesumatur
862 2211 1009 2268 ortamin.
1025 2223 1049 2264 t·
1095 2222 1183 2294 potios
1207 2225 1309 2277 usuale
1330 2227 1575 2293 pronunciandum,
1597 2239 1625 2282 et
1651 2232 1812 2286 manerium
1831 2232 1865 2286 ab

283 2303 406 2362 Dubium
428 2301 502 2354 eirca
516 2297 686 2352 tentantium
704 2295 885 2350 cummuniter
900 2305 1048 2361 receptam.
1096 2306 1247 2358 adversario
1263 2306 1431 2377 probandum
1450 2327 1508 2364 esse
1525 2311 1654 2369 rideatur.
1673 2317 1773 2370 Tamen
1792 2333 1864 2370 aaru-

319 2386 379 2441 rcil.
395 2385 476 2450 calpa
492 2381 632 2438 kaisrima
646 2390 755 2436 tuntum
773 2380 926 2434 incendium
937 2393 1049 2450 praesu·
1097 2391 1207 2444 manius
1222 2392 1410 2462 approbatum,
1422 2397 1526 2467 cuipam
1539 2397 1638 2452 ratione
1656 2399 1865 2455 inhabitantium

322 2472 361 2526 mi
376 2480 475 2524 ortum·
491 2489 521 2522 n.
542 2477 566 2520 t·
1097 2481 1248 2550 praesumi,
1263 2493 1294 2536 ut
1306 2483 1345 2535 sie
1357 2483 1404 2536 bie
1421 2500 1450 2538 se
1468 2484 1583 2539 debitam
1602 2483 1769 2554 diligentiam
1787 2488 1865 2540 adbi-

288 2559 376 2614 Aliud
391 2557 511 2614 dubium.
532 2574 559 2608 ¹¹·
580 2569 603 2610 ⁵·
1098 2566 1188 2618 baisse
1211 2565 1325 2635 probare
1349 2585 1457 2620 neeesse
1482 2568 1589 2632 habena
1609 2570 1682 2625 Facit
1704 2571 1755 2625 bue
1782 2583 1866 2627 textus

284 2641 423 2698 Statuitur
437 2639 579 2712 praesumi
590 2637 719 2694 incendia
731 2637 783 2692 teat
794 2637 874 2708 cuipu
887 2634 1049 2706 rarefacta,
1098 2650 1161 2702 „fia
1179 2665 1321 2719 “prmus
1340 2651 1358 2704 ι,
1386 2663 1409 2706 3,
1427 2659 1449 2714 §-
1472 2664 1493 2706 t.
1509 2651 1551 2720 ff
1571 2655 1604 2708 (ι,
1625 2653 1707 2725 Osfiss·
1726 2654 1866 2725 praesta,

321 2736 351 2782 ut
365 2726 550 2798 praesumptio
569 2726 675 2798 aliquid
693 2735 823 2796 operetur·
843 2743 872 2778 ιι.
892 2737 919 2776 ⁶·
1103 2733 1184 2804 Vigil.
1201 2733 1271 2804 quod
1290 2734 1415 2790 incendia
1441 2735 1597 2807 plerumque
1614 2735 1680 2794 fiant
1696 2742 1772 2810 culpa
1790 2739 1867 2792 inba-

291 2809 455 2868 Commonis
478 2811 535 2862 Dd.
556 2808 652 2878 opinio
677 2807 751 2862 eirca
772 2805 965 2878 probationem
986 2803 1050 2858 diii·
1098 2816 1254 2882 binariam,
1267 2816 1357 2887 itaque
1375 2835 1423 2888 pro
1441 2836 1472 2872 eo
1488 2821 1690 2892 quoque,qoud
1708 2823 1868 2892 pierumque

320 2895 433 2964 geutia,
452 2903 574 2948 notatur·
594 2911 623 2946 tt·
645 2904 668 2944 ⁷·
1098 2901 1151 2964 sit,
1177 2899 1304 2954 militabit
1334 2903 1528 2971 praesumptio,
1555 2904 1685 2958 eontraria
1707 2905 1866 2976 probatione

286 2990 488 3054 Argumentum
505 2979 645 3052 quoddam
663 2979 719 3032 Dd.
738 2975 885 3048 refutatur·
906 2995 934 3030 n·
954 2987 979 3028 1.
1099 2983 1235 3046 elidendae
1250 3002 1313 3038 narn
1326 2984 1418 3037 abesse
1431 2985 1500 3039 banc
1512 2988 1615 3058 eulpam
1634 3005 1713 3058 posse
1730 2987 1799 3042 iliud
1812 2989 1867 3042 eri·

284 3067 438 3139 Diligentiu
456 3066 593 3138 quemodo
610 3063 745 3132 probetur.
765 3083 793 3117 ιι.
815 3075 839 3116 a.
1101 3066 1167 3122 daus
1184 3078 1238 3132 cst,
1252 3087 1289 3120 ee
1306 3067 1324 3122 i.
1342 3077 1380 3120 11.
1399 3067 1433 3121 de
1443 3068 1529 3138 peria·
1547 3079 1573 3122 et
1587 3069 1723 3124 commod.
1737 3069 1778 3124 rei
1789 3069 1865 3124 vend.

286 3153 476 3216 coactantur,
490 3151 647 3208 incendium
659 3152 791 3206 incertum
806 3147 980 3206 adeuruuiiu
992 3167 1049 3204 nan
1101 3151 1147 3205 sed
1172 3169 1207 3205 an
1230 3161 1413 3224 praesumatur
1439 3152 1545 3218 abesse,
1564 3153 1594 3206 id
1618 3155 1654 3206 ob
1672 3155 1783 3210 dictans.
1803 3155 1821 3206 i.
1843 3169 1866 3210 s.

321 3235 415 3290 statim
432 3253 491 3292 esse
512 3233 693 3306 ιώιιιιᾰιιιιι.
711 3253 740 3291 ιι.
763 3244 803 3288 to·
1101 3233 1184 3306 (qnae
1200 3245 1225 3292 et
1242 3237 1277 3290 ita
1294 3253 1354 3288 eum
1372 3237 1397 3289 d.
1416 3235 1434 3290 i.
1451 3248 1492 3290 tt.
1511 3237 1648 3290 conciliari
1668 3237 1806 3292 commode
1819 3257 1868 3308 po·

1101 3331 1163 3386 test,
1175 3337 1332 3390 quamquam
1352 3320 1403 3372 Dd.
1422 3319 1603 3374 communiter
1622 3321 1674 3374 aiia
1693 3323 1796 3376 ratione
1810 3322 1868 3376 ilias

288 3358 354 3463 Ex
372 3405 591 3478 praecedentibus
608 3403 796 3468 manifestum,
811 3403 923 3458 manaiia
942 3401 1001 3458 dari
1015 3402 1055 3455 iu·
1101 3405 1135 3459 ad
1147 3405 1312 3460 harmoniam
1325 3402 1454 3458 deducere
1470 3403 1618 3474 snagaut,)
1629 3405 1717 3474 utique
1736 3423 1868 3476 negamus.

286 3491 394 3555 cendia,
407 3493 592 3562 quaeeulpam
606 3489 725 3542 bominis
738 3490 837 3542 nuliam
853 3487 1053 3542 habeatadmi-
1103 3489 1209 3544 Locaaa
1232 3489 1319 3562 itaque
1342 3487 1372 3542 in
1390 3499 1480 3542 nostra
1503 3489 1653 3556 quaestione
1679 3490 1872 3559 praesumptive

287 3589 372 3636 xtame
391 3576 464 3626 Hine
481 3584 509 3628 ct
533 3591 587 3627 non
606 3571 761 3642 infrequens
787 3571 816 3624 in
834 3574 968 3641 interest,
987 3572 1054 3626 easi·
1104 3573 1276 3626 intentionem
1295 3587 1369 3624 suam
1394 3569 1528 3640 probatam
1553 3571 1648 3635 babet,
1667 3581 1693 3623 ut
1718 3571 1781 3625 iude
1800 3571 1872 3626 Con·

292 3659 342 3714 bus
356 3658 474 3712 fortuitis
492 3657 614 3712 incendia
632 3673 810 3710 annumerare
829 3656 848 3706 l.
863 3667 905 3709 tt.
918 3651 1054 3727 infimff.
1104 3654 1196 3707 ductor
1215 3655 1319 3723 eulpam
1338 3651 1457 3708 abfuisse
1473 3653 1586 3723 probare
1601 3653 1699 3708 debeat
1712 3655 1764 3709 Dn.
1778 3655 1870 3727 Carpe.

289 3745 323 3796 de
336 3743 441 3796 didi.
456 3738 511 3812 t·§.
527 3752 551 3792 t.
552 3739 594 3810 ff
608 3741 641 3794 de
656 3741 836 3794 attan.
850 3739 869 3792 i.
884 3751 925 3792 ta.
927 3737 970 3808 ff
984 3757 1055 3794 aom-
1103 3741 1154 3792 Pr.
1176 3735 1251 3790 arim
1270 3756 1295 3806 p.
1317 3747 1339 3790 1.
1356 3758 1385 3809 q·
1405 3749 1447 3791 tt.
1473 3756 1500 3791 n.
1522 3749 1564 3790 tt.
1586 3737 1654 3792 Dru.
1679 3739 1785 3793 Mulier.
1806 3742 1823 3792 l.
1845 3751 1868 3793 t.

289 3827 393 3880 modat.
410 3825 481 3895 ipsud
499 3826 678 3896 compluribus
694 3823 745 3876 Od.
765 3823 969 3877 auctoritatibus
982 3839 1054 3876 eum-
1104 3827 1230 3876 Semestr.
1248 3839 1271 3876 c.
1291 3833 1333 3874 st.
1353 3820 1429 3874 Coni.
1454 3820 1525 3874 Gail.
1550 3819 1596 3873 lib.
1616 3832 1640 3872 t.
1660 3823 1717 3876 obs.
1736 3833 1780 3876 tt.
1799 3843 1827 3876 n.
1847 3837 1871 3877 s.

289 3912 431 3983 probatum
450 3910 516 3963 dant
535 3910 638 3966 Sebast.
656 3909 777 3964 Medicas
806 3910 898 3962 Troct.
919 3908 952 3960 de
971 3909 1057 3964 casib·
1102 3908 1173 3979 quod
1190 3907 1272 3962 variis
1297 3907 1513 3975 ampliationibos
1538 3916 1566 3961 et
1590 3907 1798 3964 limitatiouibns
1824 3929 1872 3982 pru

276 3995 392 4067 senuit·
411 4006 483 4067 purt-
504 4005 528 4048 2.
547 4004 651 4068 quaest.
671 4005 696 4045 t.
723 4013 752 4046 n.
777 4004 799 4043 t.
824 3992 913 4049 Jacob.
933 3992 1055 4046 Menoch.
1106 4009 1178 4046 mure
1203 4009 1249 4044 suo
1276 3991 1385 4063 prolixe
1409 3991 1518 4046 deducit
1546 3993 1636 4064 Prosp.
1656 3994 1776 4048 Farinac.
1797 4015 1871 4066 oper.

287 4083 418 4136 aem.
436 4085 538 4151 (λιιι.
559 4093 661 4134 ssa-n.
682 4079 772 4133 2.Pro
790 4095 842 4147 qua
861 4075 1057 4146 comprobando
1105 4076 1181 4129 caim.
1204 4094 1232 4146 p.
1260 4088 1284 4127 a.
1310 4096 1335 4146 q.
1364 4088 1421 4130 tto·
1445 4095 1468 4130 c.
1496 4087 1519 4130 t.
1545 4094 1572 4128 ιι.
1600 4083 1641 4129 tt.
1666 4079 1871 4151 eunomiani.

288 4165 426 4220 commode
443 4164 550 4232 allegari
567 4173 653 4234 potest
672 4165 689 4215 i.
710 4158 802 4230 taff.
822 4161 855 4214 de
869 4176 926 4230 per.
945 4167 1057 4213 etcum·
1104 4161 1196 4214 Mattb.
1215 4159 1248 4212 de
1267 4157 1369 4212 Attin.
1396 4159 1476 4214 decis·
1496 4161 1612 4228 Neapoi.
1637 4160 1718 4214 decis.
1738 4174 1781 4214 st.
1800 4181 1828 4214 ιι.
1849 4173 1872 4214 t.

289 4253 363 4305 mod·
380 4251 422 4303 rei
439 4248 518 4304 vend.
542 4248 596 4301 Ubi
614 4248 724 4319 quidem
752 4247 863 4300 Alienus
889 4244 973 4299 tetus
992 4243 1056 4297 insi·
1106 4254 1132 4296 et
1151 4257 1177 4298 s.
1195 4244 1239 4295 On
1263 4242 1351 4295 Habe.
1369 4242 1409 4297 ad
1431 4243 1554 4300 Wesenb.
1568 4243 1611 4296 tit.
1630 4243 1663 4297 de
1685 4242 1873 4315 0fflc.Prae-

287 4351 371 4388 nuare
388 4333 548 4388 eontrarium
565 4333 685 4396 ridetur,
705 4333 769 4384 dnm
790 4329 889 4382 dietam
908 4331 993 4398 legem
1018 4329 1057 4384 ita
1096 4325 1172 4394 secti
1191 4327 1274 4396 Vigii.

286 4420 454 4490 auspicatum
473 4419 506 4472 si
522 4418 632 4473 vendita
649 4415 742 4469 insacia
761 4415 904 4468 combusta
924 4413 974 4476 sit,
994 4431 1054 4466 eum
1144 4411 1196 4466 Sed
1214 4411 1286 4482 quali
1304 4413 1379 4484 eulpa
1399 4410 1553 4466 incendium
1569 4422 1749 4484 praesumatur
1766 4423 1873 4482 ortum,
1912 4430 1924 4469 t

292 4503 449 4558 incendium
467 4501 528 4558 sine
547 4503 625 4573 auipu
633 4499 706 4571 fleri
723 4518 779 4553 non
793 4500 893 4568 possit,
911 4495 1056 4570 quidjun's
1109 4517 1145 4552 an
1162 4499 1214 4552 lesi
1233 4516 1265 4552 an
1284 4498 1439 4560 levissima,
1458 4498 1486 4550 id
1505 4497 1550 4550 bie
1567 4497 1719 4552 notandum.
1738 4499 1805 4550 iiam
1821 4519 1873 4552 non

285 4589 341 4644 sit?
358 4589 472 4642 interim
492 4605 526 4641 ex
544 4597 670 4641 eontextu
697 4583 774 4638 iacile
793 4591 920 4654 apparet,
939 4599 992 4635 non
1010 4581 1055 4634 de·
1103 4585 1193 4639 omnis
1212 4587 1304 4654 eulpae
1323 4584 1394 4637 idem
1414 4595 1453 4639 est
1478 4584 1603 4648 effeetus,
1623 4593 1651 4636 ut
1671 4594 1796 4653 aequente
1813 4589 1872 4639 Po-

287 4669 377 4724 cidere
395 4670 466 4724 inibi
493 4670 609 4733 ictam,
632 4666 702 4740 qnod
724 4667 879 4721 incendium
904 4667 963 4720 sine
979 4665 1054 4736 calpa
1101 4669 1203 4722 sitione
1226 4667 1381 4734 dicendum,
1401 4686 1449 4722 nec
1477 4669 1536 4737 ipse
1561 4668 1708 4722 Condantur
1734 4667 1767 4721 de
1793 4670 1869 4740 culpa

286 4751 347 4808 iieri
367 4771 420 4807 nou
440 4755 542 4824 possit,
562 4753 609 4807 aed
627 4771 772 4826 proponere
800 4751 983 4806 tantummodo
1003 4749 1053 4802 dn·
1102 4752 1239 4808 lenissima
1260 4763 1372 4818 tenetur,
1389 4750 1435 4804 sed
1453 4750 1505 4804 levi
1525 4760 1638 4814 tantunu
1655 4751 1728 4804 iliae
1740 4769 1773 4805 ne
1792 4753 1872 4806 nimi·

285 4837 391 4891 bitandi
409 4839 555 4900 rationem
569 4838 642 4890 iiiuc
660 4837 690 4888 in
704 4835 925 4905 subsequentibus
945 4853 993 4906 pro
1009 4853 1053 4886 no
1104 4855 1149 4889 um
1168 4838 1383 4908 praesumptione
1400 4846 1522 4905 gravetur
1533 4835 1713 4902 inhabitator,
1728 4837 1817 4908 potius
1832 4837 1874 4889 di-

285 4930 340 4974 stra
364 4921 493 4992 opinione
514 4920 598 4974 etiam
626 4921 774 4991 qsraesitom
798 4919 973 4983 determinat,
994 4918 1053 4972 siue
1104 4923 1216 4976 cendum
1235 4922 1340 4976 ridetur
1358 4923 1508 4993 aliquibus·‚
1523 4923 1598 4992 culpa
1617 4923 1751 4974 levissima
1770 4934 1869 4976 tautum

285 5004 489 5076 patrisfamilias
508 5007 583 5076 eulpa
602 5005 757 5058 incendium
775 5001 835 5057 fieri
855 5023 940 5075 posse.
954 5005 1050 5060 Jobau·
1102 5005 1256 5058 incendium
1275 5006 1409 5075 praesumi
1427 5016 1523 5060 ortum.
1539 5005 1599 5058 Seb.
1614 5005 1710 5058 Medio.
1731 5005 1765 5060 de
1782 5007 1867 5060 casib.

286 5089 452 5159 Harprecht,
471 5092 509 5145 ad
526 5097 548 5152 §.
568 5090 615 5142 ata
634 5095 702 5144 Inat.
720 5091 753 5143 de
778 5089 895 5161 otttgoc.
916 5109 945 5144 ιι.
965 5102 1006 5142 ts.
1092 5089 1208 5158 sonuit.
1223 5108 1248 5159 p.
1270 5101 1295 5140 2.
1316 5110 1341 5162 q.
1363 5103 1387 5142 7.
1407 5110 1434 5144 n.
1454 5103 1477 5143 t.
1498 5089 1587 5143 Faria.
1607 5089 1632 5143 d.
1652 5110 1677 5161 q.
1701 5103 1759 5168 ¹¹9:
1779 5109 1806 5144 n.
1829 5103 1871 5145 eo.

230 5189 246 5229 2
322 5175 436 5226 interim
448 5191 496 5228 uus
516 5177 551 5228 de
568 5191 599 5228 eo
617 5193 672 5230 nou
690 5176 755 5228 adeo
773 5175 1052 5246 laborabimus‚pree
1103 5174 1197 5228 Thom.
1217 5173 1311 5226 Gram.
1331 5174 1426 5228 Addit.
1446 5177 1483 5230 ad
1506 5174 1597 5230 biettb.
1620 5174 1653 5227 de
1673 5167 1869 5228 attiniacus.

286 5259 381 5312 sertim
400 5277 459 5312 rum
477 5277 510 5313 ex
527 5261 659 5332 exemplis
685 5261 832 5315 Poritione
854 5263 909 5315 IV.
929 5260 1052 5315 adductis
1103 5270 1144 5312 et.
1163 5270 1188 5312 et
1206 5276 1271 5327 quos
1290 5258 1332 5310 ibi
1349 5261 1418 5314 citat.

286 5343 348 5396 satis
364 5360 496 5414 superque
507 5347 649 5408 elucescat,
664 5345 787 5398 incendia
800 5346 877 5400 etiam
897 5343 969 5409 dari,
984 5364 1052 5416 qnae
1139 5343 1192 5396 Sed
1210 5343 1274 5397 haee
1287 5345 1413 5398 sententia
1425 5346 1545 5416 quamvis
1558 5346 1733 5402 eommuniter
1752 5343 1868 5398 videatur
1908 5355 1922 5397 t

283 5428 375 5497 eulpae
391 5429 471 5497 piane
488 5428 918 5500 suatexpertia,idtantummodo
937 5429 1051 5486 breviter
1101 5441 1220 5502 recepta,
1242 5446 1293 5502 per
1318 5429 1416 5484 tradita
1439 5431 1559 5484 Furinae.
1587 5430 1612 5484 d.
1637 5431 1655 5484 i.
1681 5440 1767 5482 tamar
1787 5429 1867 5482 dubio

399 5512 504 5586 S‘O'iff
525 5515 587 5568 Vol.
606 5518 629 5567 1.
1690 5525 1722 5564 ιι
