4504 6344
460 467 510 544 tir

376 569 432 622 uiis
451 568 622 640 interceptis,
641 573 668 620 44
686 573 780 620 contra
799 559 881 617 4444444
901 561 1051 634 4444444444,
1069 580 1148 633 quam

379 653 521 722 dederunt,
539 671 598 706 urm
619 651 764 704 444414444444
781 648 901 723 pernicie
925 647 1012 702 441444
1031 657 1150 701 4444444.

378 737 513 794 1444444444.
531 736 690 792 siracho-de
709 732 885 791 Decorton'i·
895 735 977 788 Part.
987 731 1104 804 princip.
1116 735 1153 787 Ρ.

381 835 405 877 4.
425 841 455 876 44.
473 835 498 875 4.
517 823 589 876 Petr.
608 821 720 892 4444444.
744 821 885 874 ’1444144444
905 821 1078 888 syntagma&
1093 815 1152 887 jur.

379 911 496 965 unium.
510 910 529 961 4.
544 919 588 960 44.
601 926 625 962 r.
638 919 663 962 4.
677 927 706 962 44.
722 918 761 961 44.
775 909 837 961 lass
855 915 944 960 autem
963 914 1054 958 4444444
1065 900 1141 972 4444444

381 1006 464 1049 tatem
483 996 630 1050 444444444444
648 993 732 1060 iuret,
759 993 804 1046 liis
828 1001 941 1064 propter
967 989 1059 1043 41414444
1079 1002 1156 1042 seura

379 1076 544 1132 beneficium
568 1077 674 1149 aliquod
692 1077 793 1148 largiri.
812 1077 844 1130 1.
867 1087 890 1128 4.
908 1071 932 1144 5.
956 1069 1029 1142 taff.
1047 1071 1155 1128 4444441.

383 1163 449 1216 mol.
468 1173 495 1217 44
513 1171 576 1215 met.
594 1167 701 1231 except.
719 1160 783 1232 quia
800 1162 839 1213 sic
856 1157 1019 1230 4444414144
1036 1153 1158 1208 4444414·

381 1263 472 1302 otosus
491 1249 524 1300 L.
547 1256 570 1296 t.
586 1245 705 1319 prinoip-
714 1241 755 1315 ff.
772 1245 807 1298 de
824 1243 879 1296 dot.
896 1240 1025 1294 ibutitor
1038 1239 1160 1294 decoctor

382 1331 494 1400 insuper
514 1341 542 1384 44
562 1347 609 1384 sua
635 1330 666 1384 in
692 1328 781 1398 ipsius
806 1325 967 1400 reipublicae
991 1321 1159 1394 4444444444,

383 1417 459 1484 cujus
477 1415 613 1482 interest,
640 1423 676 1466 444
699 1412 761 1484 quis
779 1431 808 1466 44
825 1427 869 1464 sus
890 1410 958 1463 444444
977 1418 1074 1462 ututur.
1092 1401 1116 1476 5.
1136 1415 1160 1456 4.

387 1501 411 1551 I·
431 1495 466 1550 de
483 1495 528 1549 4444
552 1494 732 1568 perimituri·
749 1494 786 1547 el.
800 1494 858 1564 jur·
877 1491 1007 1561 lntlignus
1020 1489 1089 1558 Ergo
1104 1488 1161 1542 4444

384 1581 451 1652 legis
470 1576 616 1646 1444444444,
629 1580 694 1634 dum
708 1587 801 1632 contra
814 1579 899 1646 tegern
911 1573 1057 1628 commisit.
1071 1577 1104 1628 L·
1119 1583 1161 1624 44.

331 1715 333 1720 ,
389 1663 418 1718 in
433 1661 518 1735 siff.
537 1665 569 1718 cle
589 1664 689 1718 minor·
708 1665 740 1718 L.
760 1663 816 1716 Sed
832 1661 859 1714 ri
878 1670 901 1712 4.
920 1666 941 1722 t.
966 1671 989 1712 t.
1006 1657 1036 1710 in
1052 1652 1163 1726 ,444,θῖ

392 1750 473 1822 Quod
495 1770 556 1806 cuns
576 1750 676 1822 ecqui
698 1749 726 1804 44
754 1748 792 1802 ul.
817 1758 877 1818 pot.
903 1747 1019 1799 Demum
1039 1753 1066 1796 et
1085 1742 1113 1796 in
1133 1759 1164 1794 eo

386 1835 510 1910 plerique
524 1837 579 1890 iere
592 1835 733 1890 ductorum
747 1833 925 1896 conveniunt,
938 1829 1008 1899 quod
1022 1823 1165 1880 decoctori-

391 1920 441 1974 bus
460 1933 486 1976 et
504 1919 742 1990 Banniruptoribns
759 1913 919 1970 benelieium
938 1912 1066 1966 cessionis
1085 1909 1166 1964 144444-

390 2023 449 2060 rum
472 2007 507 2064 sit
520 2005 710 2077 ,denegandum
733 2005 787 2056 Du.
808 2001 893 2056 {incid
912 2000 1016 2053 literius
1035 1993 1166 2051 ictuata-

389 2087 619 2156 migeratissimus
632 2087 661 2140 in
676 2093 858 2139 comersentor.
878 2083 915 2136 444
933 2082 986 2134 ,1444
1004 2078 1103 2132 luber.
1120 2075 1166 2132 tit.

395 2183 416 2222 4.
431 2171 473 2223 444.
489 2180 514 2221 4.
530 2168 620 2223 ortior
635 2183 657 2221 4.
677 2187 705 2222 44.
726 2181 751 2221 4.
769 2165 939 2220 Celeberrim.
954 2165 1007 2216 Du.
1020 2161 1164 2216 Brunnem

390 2259 503 2324 1444444.
519 2264 610 2326 parnt.
631 2251 825 2308 Wesenbctit.
843 2251 877 2304 de
892 2265 958 2304 4444.
977 2248 1040 2300 lon.
1058 2266 1101 2316 qu.
1126 2257 1166 2297 tr.

394 2341 473 2392 zoes.
490 2349 638 2392 comment.
647 2335 689 2408 J.
707 2337 734 2390 44.
748 2347 768 2388 t.
781 2355 809 2388 44.
828 2345 868 2386 44.
885 2331 999 2402 Magnis.
1013 2332 1065 2384 Du.
1080 2332 1165 2384 suus.

392 2419 421 2473 in
443 2425 559 2492 Sputug.
579 2421 661 2476 luris
679 2419 759 2478 civit.
769 2417 894 2474 Emeruit.
912 2427 954 2469 44.
965 2415 1001 2468 td.
1017 2423 1060 2466 44.
1073 2409 1164 2483 infin.

395 2507 482 2580 praed.
502 2510 555 2560 1444.
573 2510 646 2562 Ι1144.
661 2508 694 2561 in
714 2510 825 2562 14444444.
845 2509 927 2574 14444.
953 2501 1077 2558 Debitor.
1096 2515 1120 2550 4.
1140 2509 1163 2548 t.

394 2611 422 2646 n.
445 2603 487 2646 44.
506 2603 532 2646 44
547 2607 612 2666 seqq
642 2593 738 2646 Petrus
762 2591 877 2660 Heigiua
899 2595 974 2659 4444.
1002 2599 1025 2636 4.
1054 2586 1165 2652 Quaest-

396 2677 500 2731 Iilustr·
521 2687 624 2750 quaest-
644 2689 686 2730 44.
702 2695 733 2730 44.
758 2685 798 2728 44.
816 2691 889 2745 seqq.
908 2669 1033 2726 1444144414.
1045 2668 1084 2721 ud
1096 2669 1164 2720 Non.

393 2781 419 2830 p.
434 2761 737 2818 4.4.4.44.44,.141444414.
759 2759 842 2813 Brun.
861 2759 894 2811 de
912 2771 978 2810 cess.
997 2757 1061 2808 lon.
1080 2771 1126 2823 qu.
1141 2763 1165 2804 4.

394 2857 511 2919 quartae
536 2857 641 2916 praest.
664 2842 778 2916 princip.
796 2860 850 2912 per
864 2851 914 2896 tot.
935 2841 1007 2894 Petr.
1036 2837 1111 2891 Peck.
1135 2835 1167 2888 de

389 2934 453 3006 jure
476 2930 587 2986 44444444.
606 2949 629 2984 4.
650 2943 674 2982 4.
689 2948 722 2984 44.
741 2941 784 2981 44.
806 2929 877 2984 teu.
901 2925 982 2995 Greg.
1008 2923 1115 2980 Tholos.
1139 2923 1166 2978 d.

396 3035 421 3070 4.
439 3027 464 3068 4.
479 3035 511 3070 a.
533 3026 573 3075 44.
595 3015 696 3072 1144414
720 3015 815 3086 steph.
838 3011 877 3066 aa
903 3013 972 3064 4444.
1000 3021 1059 3064 444.
1085 3028 1116 3062 n.
1141 3020 1165 3061 4.
1184 3015 1188 3060 ἴ

395 3100 538 3160 Benevent·
558 3100 664 3155 Stracba
682 3100 727 3154 444.
747 3109 781 3152 tr·
798 3099 833 3153 de
853 3095 1026 3154 Deeactorib.
1045 3097 1072 3150 d.
1092 3111 1121 3144 n.
1140 3104 1165 3145 4.

398 3185 495 3255 ustitia.
513 3187 551 3242 ud
569 3184 680 3242 Donell.
704 3186 725 3236 l.
749 3191 793 3236 44.
817 3203 840 3238 4.
867 3195 892 3234 4.
918 3182 958 3237 lit·
979 3177 1165 3248 14140444.

368 3271 371 3280 '
396 3274 487 3326 1414444.
501 3281 607 3340 potine.
625 3291 711 3343 paup.
729 3269 844 3326 debitor.
859 3267 916 3322 dec.
937 3278 962 3319 4.
977 3277 1084 3339 4444444.
1100 3277 1125 3317 4.
1137 3285 1166 3322 44.

401 3365 443 3406 44.
462 3366 488 3410 et
505 3372 577 3429 seqq.
590 3357 653 3413 tot.
667 3355 768 3410 84444444.
787 3355 815 3408 in
836 3355 914 3408 nunt.
935 3353 1066 3408 Pondect.
1079 3350 1120 3404 ui.
1132 3351 1167 3404 de

329 3451 360 3494 44
398 3455 464 3494 cerr.
484 3442 581 3495 innor-
598 3461 624 3508 ρ.
645 3453 705 3494 444.
716 3451 742 3493 44
750 3440 854 3508 possim
872 3437 931 3490 alii.
952 3439 982 3494 Si
1001 3449 1089 3494 autern
1107 3453 1165 3492 ces·

399 3525 484 3578 sionis
502 3525 653 3578 remelium
670 3525 738 3596 ipsis
754 3524 846 3594 nequit
862 3533 1020 3593 competere,
1035 3523 1167 3578 multomi-

399 3626 450 3662 nus
474 3607 639 3662 dationisin
658 3611 773 3664 solutum
792 3604 953 3661 beneficium
979 3608 1048 3678 ipsis
1075 3623 1167 3660 4444444·

399 3694 528 3754 4444414444
548 3695 597 3748 1444
616 3695 688 3750 cuim
708 3695 776 3750 banc
794 3694 828 3748 ob
854 3711 956 3748 44444444
976 3692 1167 3757 introductum,

400 3790 428 3832 ut
439 3779 564 3846 injuriam
576 3789 605 3832 et
615 3780 795 3844 acerbitatem,
808 3796 874 3849 quse
892 3779 920 3831 in
934 3778 1062 3832 cessionis
1080 3778 1168 3832 bruel.

400 3879 537 3935 superesse
548 3863 694 3926 ridebatur,
710 3864 826 3926 44144444,
840 3865 965 3918 ctomnia
978 3864 1012 3917 ad
1024 3867 1168 3934 aequitatis

402 3961 522 4002 nmium
533 3947 690 4018 applicaret.
704 3951 739 4004 Ν.
760 3960 783 4002 4.
804 3950 833 4005 C.
853 3963 877 4004 4.
895 3967 968 4005 vers.
985 3951 1169 4018 Quamobrem

338 4042 369 4088 44
404 4033 480 4104 quod
496 4048 558 4086 sum
576 4033 681 4104 injuria
699 4043 748 4088 ete.
769 4033 800 4088 Si
820 4033 908 4104 itaque
931 4035 959 4088 id
984 4034 1053 4104 quod
1080 4036 1170 4088 44444444

402 4127 452 4179 444,
470 4115 710 4188 lianciruptoribus
727 4115 881 4188 denegatur,
902 4119 928 4170 id
946 4118 1016 4190 qnod
1035 4117 1119 4187 4444444
1132 4117 1170 4178 44-

402 4201 519 4255 44444414
536 4214 586 4268 444,
603 4203 757 4273 neutiquam
776 4204 843 4276 ipsis
861 4207 960 4276 poterit
976 4203 1105 4269 concedi,
1124 4222 1172 4276 per

404 4287 461 4356 jora
478 4287 580 4358 sulgon
597 4300 625 4343 et
642 4287 749 4341 tradite.

333 4375 367 4429 45
439 4371 513 4426 idern
533 4371 589 4428 4444
606 4372 751 4426 dicendum
770 4373 804 4428 de
829 4375 901 4442 44144,
919 4375 966 4446 qni
992 4376 1088 4446 partim
1107 4393 1169 4445 4444,

404 4459 501 4527 44444444
515 4459 684 4514 4444444444ιί4
703 4457 826 4512 fortunae
842 4461 910 4514 sitio
929 4459 1102 4524 decosrrunu
1122 4462 1169 4515 bos

402 4544 476 4596 enim
494 4543 608 4604 admista
625 4547 701 4617 444144
720 4545 835 4599 humiles
853 4556 879 4600 et
900 4545 1049 4616 deploratos
1067 4565 1098 4598 44
1118 4545 1169 4599 4444-

403 4629 532 4683 seratione
548 4629 673 4702 indignos
696 4629 808 4683 reddere
834 4639 938 4700 44414411.
959 4631 1032 4682 Petr.
1059 4629 1169 4698 11444444

403 4722 507 4784 quaest.
526 4713 623 4768 illustr.
642 4715 661 4769 t.
682 4725 704 4767 4.
723 4735 767 4787 qu.
788 4727 867 4768 444.
884 4725 926 4772 44.
939 4714 1040 4768 4444414,
1053 4713 1168 4784 stepha-

403 4798 434 4848 ni
453 4793 492 4854 ccl
509 4795 536 4854 ‹t-
554 4799 589 4854 Ν..
612 4809 670 4850 444.
690 4815 719 4850 n.
739 4809 763 4850 4.
781 4795 846 4849 lien
862 4797 972 4850 84444444
990 4798 1024 4851 de
1043 4797 1168 4853 decocto-

404 4880 455 4932 444.
472 4898 499 4950 p.
522 4893 546 4932 4.
565 4897 593 4938 44.
613 4891 655 4932 44.
673 4879 1062 4950 11444.4444·44444.44.4444.4.
1081 4902 1125 4954 pn.
1146 4895 1170 4935 4.

405 4979 432 5014 n.
454 4973 495 5014 44.
514 4963 679 5036 Quamquam
698 4963 748 5016 boc
764 4962 855 5032 ipsum
873 4961 917 5014 444
938 4964 1104 5034 simpliciter
1122 4966 1169 5019 de·

403 5047 459 5098 cidi
473 5063 549 5118 posse
564 5057 690 5118 putarem,
699 5063 752 5100 nou
764 5047 837 5102 444444
846 5063 900 5100 nna
914 5047 1054 5120 eademque
1067 5067 1173 5122 semper

404 5131 479 5200 culpa
488 5143 607 5202 cst,quae
620 5131 826 5187 adscensoribus
839 5133 1053 5198 committitur,si
1065 5133 1171 5203 quidem

405 5211 451 5264 4114
470 5215 549 5268 modo
567 5217 662 5280 latior,
683 5217 762 5270 modo
782 5215 879 5284 444444,
893 5227 924 5270 44
940 5234 992 5287 per
1009 5235 1172 5287 mnscquens

408 5311 467 5346 cum
482 5296 526 5350 bis
538 5300 632 5353 mitius
645 5301 853 5371 procedendum,
866 5301 934 5372 tpsod
947 5317 1028 5354 444444
1044 5303 1172 5372 acquissi-

407 5391 480 5431 muru
492 5381 590 5451 judicis
603 5383 746 5438 arbitrium
765 5383 837 5440 444414
851 5385 957 5456 44444444
967 5383 1169 5445 determinabit,

951 465 1147 525 DISPUl'b'l'.
1171 469 1219 524 tx.
1243 467 1360 526 csrtr
1379 473 1414 526 11.

1846 475 1898 540 448

1239 563 1281 616 144
1298 563 1451 618 minoribus
1468 580 1571 638 quoque
1583 565 1702 622 dubitari
1716 567 1802 634 solet,
1817 569 1968 628 4441141444
2005 585 2038 629 44

1202 642 1335 702 mamus
1354 651 1499 718 pandunt,
1513 653 1568 706 4444
1585 653 1674 725 potius
1690 673 1725 709 an
1744 655 1777 708 ud
1796 656 1930 712 dationem
1944 659 1973 714 in

1204 731 1336 801 44144444,
1347 733 1372 784 44
1386 735 1586 802 conveniantur,
1601 747 1694 790 etmon
1708 738 1833 793 4444444414
1847 742 1973 808 existant,

1205 812 1263 881 cogi
1290 811 1420 884 possint?
1443 815 1519 870 Ratio
1544 817 1684 874 dubitandi
1712 819 1742 872 in
1768 821 1978 880 minorennitate
2014 835 2045 877 44

1210 897 1347 952 ridebatur
1363 900 1505 967 noiloeata,
1524 911 1552 956 et
1570 902 1601 956 44
1626 904 1768 974 privilegio
1786 904 1866 960 lionis
1885 907 1973 962 444444·

1207 999 1267 1036 4444
1290 993 1470 1055 competente,
1488 988 1559 1056 quod
1588 986 1644 1040 scil.
1668 987 1767 1059 ubsque
1785 989 1890 1044 decreto
1907 991 1972 1046 slie-

1207 1069 1267 1122 nari
1287 1085 1340 1122 uon
1358 1071 1472 1140 44444444,
1491 1081 1511 1123 4.
1529 1083 1547 1125 4.
1557 1069 1599 1140 ffi
1619 1072 1654 1126 de
1671 1073 1727 1126 444.
1745 1089 1841 1128 eorum
1861 1077 1911 1149 qui
1925 1075 1976 1130 4444

1208 1151 1294 1206 tutela
1309 1153 1354 1207 444
1369 1169 1435 1208 eura
1452 1165 1533 1220 sunt,
1551 1173 1610 1210 44444
1630 1157 1802 1224 alienandis,
1822 1161 1865 1214 oei
1880 1177 1978 1233 sappa-

1209 1238 1308 1292 cerdis
1320 1246 1346 1290 et
1357 1249 1407 1292 tot,
1419 1239 1461 1292 tit.
1473 1241 1503 1295 C.
1515 1241 1549 1292 de
1558 1241 1681 1311 proediis
1692 1253 1719 1296 et
1730 1244 1794 1298 aliis
1806 1245 1862 1299 444.
1876 1246 1977 1304 minor.

1212 1319 1272 1372 sine
1290 1322 1396 1376 decreto
1410 1341 1466 1378 non
1482 1325 1623 1382 4414444444
1633 1327 1774 1398 obligasti.
1793 1329 1847 1384 841
1865 1346 1920 1385 nnn
1935 1331 1979 1386 44·

1210 1406 1288 1459 detur
1305 1405 1445 1462 4444444444
1461 1425 1522 1462 esse
1537 1429 1618 1464 44444
1637 1428 1686 1483 pro
1704 1413 1876 1469 immunitate
1894 1416 1979 1470 mins·

1211 1507 1269 1544 444444
1289 1511 1303 1543 4
1323 1491 1430 1548 datione
1450 1511 1479 1548 444
1500 1496 1613 1548 solutum
1624 1531 1632 1562 ,
1644 1499 1684 1552 rel
1701 1501 1820 1554 cessione
1837 1501 1977 1556 4444444444.

1211 1577 1345 1648 Nusquam
1357 1581 1429 1632 enlm
1444 1581 1499 1634 44444
1513 1583 1632 1636 4414444414
1645 1586 1790 1640 necessitas
1800 1587 1911 1641 remissa
1924 1597 1976 1653 est,

1214 1660 1324 1732 ideoque
1343 1681 1391 1718 4444
1410 1665 1631 1737 mediis,quilsus
1650 1667 1773 1724 satislieri
1799 1673 1978 1726 creditoribus

1214 1757 1317 1819 potest,
1334 1760 1414 1802 erunt
1434 1753 1561 1822 exempti.
1585 1753 1641 1806 14444
1659 1753 1724 1808 nlius
1749 1771 1868 1826 quoqne,
1886 1759 1911 1809 si
1929 1776 1975 1810 444·

1215 1846 1279 1900 gens
1297 1849 1340 1884 aes
1358 1835 1475 1886 4444444444
1495 1833 1579 1900 441444,
1590 1846 1618 1888 44
1631 1835 1785 1892 creditores
1804 1841 1921 1906 instent,
1932 1859 1977 1896 ce·

1215 1915 1290 1982 gnita
1307 1933 1394 1982 causa,
1408 1935 1442 1970 nu
1459 1919 1572 1975 aliunde,
1580 1919 1711 1976 nimirum
1730 1940 1783 1974 non
1798 1925 1884 1994 possit
1901 1925 1979 1978 uns-

1216 1995 1293 2064 fieri,
1303 2001 1411 2072 praedia
1430 2003 1563 2053 minorum
1583 2014 1705 2074 poterunt
1718 2005 1884 2061 attenuati.
1898 2021 1922 2060 4.
1940 2020 1981 2060 44.

1215 2096 1243 2138 44
1253 2087 1300 2140 uit.
1317 2089 1346 2140 C.
1358 2085 1392 2140 444
1400 2087 1495 2156 proed.
1509 2086 1608 2140 minor.
1628 2086 1980 2158 14444444144414444444444.

1219 2171 1347 2226 Patronus
1365 2188 1439 2224 meus
1458 2171 1630 2240 singulariter
1649 2161 1814 2228 4444444444
1832 2173 1860 2228 in
1881 2193 1978 2229 comen.
2018 2187 2054 2242 44,

1215 2256 1248 2312 G.
1266 2255 1305 2310 ud
1324 2257 1354 2309 L.
1373 2268 1397 2309 4.
1411 2255 1436 2308 41.
1453 2267 1472 2310 t.
1493 2256 1547 2310 Cur
1564 2256 1633 2326 Ergo
1650 2249 1757 2330 praeuio
1767 2257 1873 2313 decreto
1887 2279 1934 2316 nec
1953 2261 1983 2317 in

1215 2341 1331 2396 solutum
1353 2340 1417 2396 dare
1441 2350 1570 2411 possent,
1590 2343 1631 2396 444
1649 2343 1794 2398 deberent?
1817 2346 1880 2400 1414.
1904 2344 1982 2417 3444.

1217 2424 1326 2477 Asinius
1344 2427 1433 2480 Tract,
1447 2427 1482 2480 oie
1496 2429 1613 2482 14444444.
1628 2435 1650 2492 ς.
1665 2439 1689 2482 t.
1704 2444 1727 2482 c.
1743 2441 1783 2483 44.
1802 2429 1869 2484 Cum
1884 2432 1982 2502 etipsa

1216 2507 1289 2560 414444
1309 2507 1337 2562 in
1357 2510 1472 2564 4414444444
1491 2512 1619 2566 solemnis
1646 2515 1724 2578 satis,
1743 2531 1792 2568 4444
1810 2516 1864 2569 nisi
1885 2517 1983 2586 judicis

1215 2594 1390 2660 auctoritate,
1407 2607 1438 2650 an
1456 2595 1645 2652 sestimatione
1657 2599 1840 2654 intercedente
1859 2601 1984 2656 institua-

1217 2687 1261 2734 tor
1277 2677 1312 2732 tle
1327 2695 1379 2749 qua
1396 2697 1426 2733 44
1442 2679 1507 2752 Cap.
1527 2689 1552 2733 4.
1570 2680 1726 2738 4441414444
1739 2683 1869 2756 Neopffi
1882 2687 1982 2740 4444444.

1214 2769 1283 2816 tone
1301 2776 1325 2816 4.
1338 2763 1380 2816 tit.
1395 2764 1481 2819 Datin
1495 2765 1525 2819 in
1536 2765 1656 2819 solutum
1674 2781 1697 2820 4.
1720 2777 1761 2820 44,
1773 2769 1915 2823 Terminus
1932 2769 1984 2824 ita·

1218 2865 1270 2918 que
1296 2847 1402 2902 babitcs
1424 2851 1678 2920 praesupponimus,
1704 2851 1729 2903 si
1748 2855 1841 2907 omnia
1863 2853 1985 2924 legitime

1218 2930 1303 2998 bant,
1322 2943 1350 2986 44
1367 2935 1458 2988 minor
1477 2951 1530 2987 non
1550 2937 1588 2988 sit
1605 2933 1761 2988 indefensos
1778 2938 1841 2992 Jcb.
1861 2935 1939 3012 14444.
1954 2939 1986 2990 it-

1216 3018 1303 3071 44444444
1322 3018 1356 3071 de
1372 3019 1485 3073 1444444.
1498 3017 1521 3090 5.
1538 3029 1561 3072 4,
1574 3037 1598 3071 c.
1612 3029 1727 3072 44444.
1743 3031 1784 3073 44.

1255 3103 1293 3154 bn
1313 3102 1403 3156 haeres
1422 3121 1450 3155 44
1467 3101 1597 3158 1444444444
1615 3104 1731 3158 4144444444
1744 3105 1775 3158 iu
1788 3105 1904 3160 solutum
1920 3113 1980 3160 4444·
2023 3116 2056 3161 44

1217 3184 1242 3238 44
1262 3187 1361 3258 possit,
1390 3187 1413 3240 si
1439 3185 1528 3240 4444444
1548 3187 1604 3260 4444
1628 3189 1795 3258 injunctum,
1812 3197 1847 3244 ut
1869 3190 1986 3260 legatum

1218 3275 1246 3326 444
1266 3283 1355 3343 parata
1366 3273 1477 3345 44444444
1495 3275 1592 3338 4414444
1607 3275 1655 3327 vet
1668 3275 1691 3327 si
1710 3274 1857 3328 creditores
1875 3287 1987 3346 4444444

1216 3359 1578 3429 444444444444444444,14444
1598 3369 1686 3412 tamen
1704 3361 1735 3412 in
1754 3359 1918 3414 haereditate
1932 3379 1985 3414 4444

1216 3442 1266 3502 444,
1285 3442 1452 3494 brevissimis
1469 3441 1684 3512 dispiciendumr
1698 3443 1925 3514 Distinguendum
1939 3461 1985 3498 au·

1218 3537 1272 3580 tem
1291 3525 1334 3578 hic
1352 3526 1381 3577 iu
1401 3536 1565 3580 antecessum
1584 3538 1643 3591 est,
1661 3545 1697 3584 444
1718 3527 1812 3581 barres
1829 3529 1908 3582 441444
1926 3527 1986 3581 1444-

1217 3611 1356 3664 relitutem
1374 3611 1546 3680 simpliciter,
1561 3629 1595 3663 an
1607 3630 1666 3666 cum
1686 3610 1817 3668 beneficio
1831 3611 1989 3676 inventarii?

1220 3693 1250 3746 Si
1269 3691 1428 3762 simpliciter
1443 3693 1520 3744 4441444
1539 3691 1753 3762 haereditatem,
1773 3694 1878 3768 ipsique
1897 3695 1985 3761 444444-
2024 3702 2056 3748 44

1217 3786 1306 3838 ctum,
1324 3787 1352 3829 444
1369 3777 1509 3846 1444444444
1533 3777 1644 3833 nomine
1669 3780 1699 3832 in
1719 3780 1829 3852 pecunia
1849 3785 1987 3832 numerica

1219 3864 1302 3917 444444
1324 3873 1400 3918 tuno.
1418 3863 1480 3918 iicet
1497 3861 1526 3916 in
1547 3863 1711 3920 baereditrt'e
1730 3873 1802 3920 tanta
1821 3882 1922 3920 44444444
1941 3884 1987 3936 44-

1220 3958 1292 4000 44444
1309 3948 1437 4017 pecuniae
1453 3965 1507 4002 non
1531 3951 1699 4021 reperiatur,
1718 3948 1753 4003 414
1777 3968 1825 4003 stro
1843 3960 1930 4006 tamen
1949 3959 1988 4002 te·

1221 4041 1299 4085 netur
1316 4033 1479 4086 voluntatem
1498 4034 1637 4088 testatoris
1651 4034 1816 4106 implere,si
1836 4034 1895 4106 ipse
1913 4051 1989 4104 4444·

1222 4121 1275 4167 tam
1293 4116 1432 4186 4444444444
1446 4115 1557 4181 baberi,
1569 4115 1690 4170 adeundo
1701 4116 1775 4168 enirn
1796 4113 1988 4168 haereditatem

1222 4216 1281 4251 cum
1301 4199 1436 4268 legatariis
1454 4199 1531 4270 qussi
1550 4200 1703 4264 4444444444,
1721 4203 1862 4263 §fluores
1881 4196 1944 4250 4..Ῑ.
1957 4196 1990 4249 de

1225 4284 1311 4355 ottig.
1322 4303 1392 4355 4444
1410 4285 1492 4355 perusi
1506 4305 1544 4339 ee
1556 4290 1690 4339 44444444.
1703 4299 1777 4338 44444.
1796 4287 1827 4338 l.
1847 4297 1872 4339 4.
1883 4279 1944 4351 §.fi
1959 4291 1989 4334 at

1220 4372 1253 4423 L.
1267 4379 1290 4421 4.
1299 4366 1343 4437 ff.
1358 4387 1394 4422 ese
1411 4368 1485 4440 quid.
1498 4387 1575 4423 44444.
1588 4369 1616 4422 in
1633 4385 1708 4442 pest.
1722 4381 1808 4424 entur.
1822 4369 1856 4421 Et
1868 4369 1898 4420 in
1907 4383 1988 4422 4444444

1221 4456 1262 4523 ius
1280 4453 1401 4508 defuncti
1421 4453 1555 4518 succedit,
1574 4463 1601 4507 et
1617 4473 1664 4508 sua
1684 4454 1752 4508 14444
1771 4472 1832 4507 oum
1850 4452 1990 4508 14444414-

1221 4537 1327 4592 statoris
1344 4539 1514 4604 commiscet,
1527 4547 1557 4590 444
1568 4539 1606 4590 444
1624 4555 1707 4591 nsum
1727 4537 1790 4592 inde
1807 4537 1883 4610 quasi
1901 4537 1988 4608 patri-

1222 4622 1341 4674 monium
1360 4617 1424 4684 iat,
1438 4627 1461 4683 4.
1482 4632 1506 4673 4.
1525 4623 1555 4674 J.
1574 4621 1609 4674 sie
1626 4622 1734 4675 44444441.
1748 4605 1822 4694 pieni.
1835 4630 1862 4674 41
1879 4617 1940 4691 diff
1955 4621 1988 4676 B·

1220 4707 1252 4760 si
1267 4715 1293 4759 te
1312 4704 1393 4759 444444
1415 4717 1456 4759 44.
1474 4707 1508 4762 C·
1526 4708 1561 4761 414
1573 4707 1630 4778 jur.
1655 4707 1736 4764 444441.
1760 4710 1793 4762 L.
1814 4709 1891 4776 Quae
1908 4705 1989 4762 detis.

1222 4789 1307 4860 tit-ff
1323 4791 1375 4844 sol.
1394 4801 1474 4844 metr.
1493 4794 1525 4845 L·
1544 4793 1622 4847 d'icnt
1639 4804 1682 4846 44.
1700 4795 1732 4846 l.
1753 4805 1795 4848 44.
1815 4789 1839 4864 5.
1860 4803 1886 4844 4.
1897 4789 1939 4861 ff
1955 4791 1990 4846 414

1221 4876 1302 4930 solut·
1322 4885 1353 4927 ot
1369 4892 1417 4948 per
1442 4893 1605 4947 consequens
1629 4875 1845 4949 adimplendam
1868 4875 1991 4930 deismeti

1222 4960 1383 5013 uoluntatem
1403 4977 1436 5014 44
1454 4959 1608 5015 commistis
1624 4961 1704 5016 bonis
1720 4963 1864 5032 obligetur.
1883 4963 1952 5017 Ner.
1968 4975 1990 5015 t.

1221 5061 1280 5110 cap.
1302 5053 1326 5096 4.
1346 5053 1368 5108 ς.
1392 5057 1417 5097 4.
1437 5045 1516 5098 modo
1537 5056 1625 5099 44444444
1644 5047 1703 5117 4444
1720 5049 1750 5100 in
1767 5047 1847 5102 benis
1866 5049 1923 5102 suis
1940 5065 1991 5117 pa·

1222 5139 1307 5182 ratam
1328 5130 1465 5198 4444444444
1486 5130 1625 5197 babuerit,
1638 5133 1756 5203 alioquin
1775 5131 1918 5187 necessitas
1929 5131 1992 5189 bas-

1224 5213 1284 5265 redi
1303 5213 1355 5267 boc
1371 5211 1531 5270 beneficium
1544 5218 1711 5289 impetrabit.
1725 5217 1868 5272 Posteriori
1878 5235 1955 5284 ¹casu,
1969 5219 1992 5272 44
2029 5228 2062 5274 44

1222 5317 1284 5351 cum
1305 5295 1438 5353 beneficio
1456 5301 1600 5356 iurentarii
1620 5303 1693 5356 aditu
1712 5303 1876 5371 baereditas,
1894 5303 1995 5358 mbas-

1222 5399 1267 5440 444
1292 5395 1416 5458 44444144
1442 5387 1491 5456 sit,
1515 5399 1547 5444 ut
1567 5388 1692 5460 legatum
1718 5390 1838 5464 praecise
1855 5390 1886 5446 444
1903 5399 1993 5462 parsu
