4482 6328
429 423 479 480 bis
896 421 1087 480 essentiis·
1108 423 1180 480 xm.
1199 422 1326 481 elwa.
1342 425 1390 484 Vl.
1808 421 1861 474 dia

348 524 469 600 perjurii
485 521 609 595 periculo.
630 520 834 594 ottemprau.
852 519 897 576 lib.
921 531 942 573 t.
961 521 1019 576 obs.
1039 531 1122 576 san.
1179 533 1289 578 tenetur.
1309 523 1328 576 l.
1347 533 1372 574 1.
1391 527 1413 586 §.
1435 533 1458 576 a
1479 519 1511 577 de
1528 521 1686 594 interrogat.
1702 521 1735 576 in
1750 519 1816 592 iure
1824 519 1888 590 fic·
1907 518 1942 576 Si
1986 531 2017 576 21

359 625 382 664 e.
401 619 427 664 et
447 621 470 661 s.
489 606 592 660 caeteri
603 623 664 661 vero
677 606 784 677 aequius
796 623 851 660 esse
868 617 975 678 potant,
994 619 1023 662 ut
1034 607 1126 663 adrer-
1175 623 1236 664 vero
1255 607 1344 678 alique
1361 605 1439 661 modo
1452 605 1491 660 ad
1508 623 1612 660 causam
1637 615 1754 678 spectat,
1778 606 1947 660 aduersarios

354 695 437 747 sarius
449 691 510 744 huic
522 690 663 762 moltiplici
675 689 844 762 respondeat,
857 701 884 743 et
895 691 965 747 bunc
977 711 1026 764 per
1037 694 1126 766 singo-
1173 709 1256 762 aeque
1273 707 1354 762 super
1368 708 1403 744 ee
1421 707 1451 743 ac
1468 687 1540 743 iacto
1558 689 1669 760 proprio
1688 689 1852 761 respondere
1870 702 1945 746 tene·

355 778 393 829 las
409 768 497 847 partes
514 775 555 828 rel
575 785 652 844 neget
667 773 709 829 rel
730 772 847 828 lateatne.
873 773 945 830 Bart.
964 780 995 833 L.
1014 791 1041 832 1.
1059 777 1084 852 5
1099 783 1127 836 oi
1169 776 1264 842 bitus,
1277 775 1353 848 quod
1371 776 1469 846 absque
1484 774 1601 846 perjurii
1621 784 1696 829 aneto
1712 793 1764 846 per
1780 775 1861 828 rerba
1887 793 1947 830 cre-

352 857 504 930 stipulanti.
518 856 561 927 ff.
586 859 618 910 de
649 855 728 910 Verl.
757 858 816 912 Obl.
840 859 982 916 l'anormit.
1000 881 1022 916 c.
1045 875 1067 918 1.
1091 867 1127 921 de
1176 859 1217 914 dit
1229 860 1270 913 rel
1282 858 1447 924 concredit,
1467 859 1574 913 Glaube
1589 858 1665 920 nolu
1675 876 1723 930 pro
1736 858 1840 912 ratione
1854 859 1943 912 scien·

348 943 411 1012 plus
421 941 495 1012 petit.
508 940 762 1012 llancopinionem,
774 952 804 996 ut
817 942 947 996 seriorem
955 983 964 1010 ,
978 957 1005 1000 et
1017 947 1125 1004 heroine
1175 944 1230 997 tiae
1245 942 1346 1016 poterit
1362 943 1424 996 Old.
1444 943 1477 996 de
1484 939 1577 1008 form.
1591 941 1675 995 libell.
1694 948 1715 1005 §.
1730 952 1755 994 t.
1768 941 1848 994 Unde
1861 941 1945 996 bodie

354 1025 500 1078 christiano
512 1023 662 1094 digniorem
674 1025 816 1078 incantata
830 1027 927 1099 lmper.
940 1043 1070 1103 receptam
1084 1037 1126 1088 di-
1172 1027 1206 1081 in
1225 1043 1328 1082 camera
1341 1027 1380 1081 etl
1392 1025 1550 1092 articulum,
1561 1025 1610 1097 qui
1625 1025 1742 1080 alienum
1756 1023 1856 1079 iactum
1870 1043 1943 1080 cons-

358 1109 396 1162 cit
413 1107 547 1176 Mynsing·
558 1119 632 1163 cent.
648 1119 672 1162 1.
690 1111 747 1164 ols.
768 1123 809 1164 11.
819 1110 902 1183 -idqnc
921 1113 981 1168 ideo
998 1127 1028 1171 nt
1044 1137 1123 1174 amne
1175 1113 1318 1184 plectitor,
1337 1110 1494 1184 responderi
1513 1111 1610 1166 debere
1630 1118 1706 1163 notat
1720 1108 1789 1162 tna.
1804 1109 1878 1164 Gail.
1895 1110 1946 1164 ob·

348 1191 499 1264 perjurium
516 1193 629 1246 enitetur
640 1204 667 1248 et
683 1194 830 1265 periculosa
847 1199 1020 1268 quorumdam
1038 1204 1125 1262 Adeo·
1174 1215 1243 1253 serv.
1262 1208 1307 1251 12.
1325 1216 1352 1251 n.
1372 1208 1443 1251 tet
1463 1209 1487 1250 t.
1501 1195 1637 1267 Mynsing.
1653 1206 1678 1246 1.
1691 1193 1794 1248 observ·
1810 1203 1852 1247 st.
1867 1195 1939 1248 Aac

352 1287 468 1332 catorum
484 1277 602 1330 'versutia
618 1294 727 1348 prorsus
744 1279 905 1335 excludatur.
1175 1286 1301 1338 Process.
1319 1285 1418 1352 Imper.
1438 1283 1526 1335 Anno
1549 1279 1837 1343 tttt·§.sncoelcl1em
1851 1277 1945 1334 Eudo.

392 1360 623 1434 Quiimpossibile
636 1374 804 1436 ponunt,ut;
819 1365 886 1420 item
901 1386 1005 1438 serum,
1018 1371 1122 1427 Titium
1211 1364 1733 1436 Articuliimpertinentessnut,quiad
1748 1381 1855 1418 cansam
1867 1382 1944 1437 prae·
1981 1379 2013 1422 11

352 1445 445 1502 eodem
464 1445 508 1499 dic
529 1448 627 1500 Romae
643 1458 670 1501 et
688 1449 801 1503 Parisiis
815 1451 900 1506 risum
913 1451 1007 1520 luisse,
1021 1457 1125 1512 velunt
1175 1461 1278 1505 sentem
1295 1451 1367 1504 nibil
1385 1451 1503 1515 faciant,
1523 1458 1568 1503 ant
1586 1448 1610 1504 si
1628 1447 1718 1520 prima
1743 1445 1834 1502 ironte
1859 1445 1945 1502 iacere

350 1533 416 1588 hora
430 1530 541 1584 Parisiis
554 1532 606 1587 huc
615 1533 730 1599 venisse,
740 1551 803 1588 cnm
817 1535 890 1588 enim
901 1537 966 1592 haec
977 1550 1004 1594 et
1022 1541 1124 1596 similia
1173 1537 1313 1602 ridentur,
1331 1535 1368 1589 ad
1385 1537 1427 1606 jus
1446 1545 1538 1590 tamen
1558 1533 1652 1600 relati,
1669 1534 1747 1588 omni
1765 1542 1858 1587 carent
1874 1531 1941 1589 effe·

351 1619 539 1673 suanaturain
556 1617 679 1672 effectum
697 1620 811 1690 produci
822 1639 876 1674 non
894 1623 1007 1694 possint,
1026 1627 1124 1682 merito
1173 1635 1232 1689 ctu,
1250 1621 1377 1677 Obrecht.
1394 1619 1530 1691 dejbrm.
1548 1618 1631 1673 libell.
1650 1637 1673 1672 c.
1694 1628 1718 1669 t.
1732 1635 1760 1670 n.
1775 1628 1821 1670 ss.
1832 1632 1882 1670 nec
1894 1615 1940 1668 di·

350 1701 457 1760 articuli
475 1703 537 1757 talia
554 1707 717 1760 continentes
735 1704 905 1773 rejiciuntur,
917 1707 1123 1778 impossibilium
1173 1717 1246 1760 recto
1282 1723 1331 1761 neo
1361 1705 1494 1761 indirecto
1523 1721 1625 1776 quoqtto
1657 1701 1736 1756 modo
1768 1715 1860 1754 musae
1891 1699 1939 1756 ad-

353 1788 429 1842 enim
446 1787 518 1839 nulla
536 1799 576 1841 est
592 1790 734 1860 obligatio,
752 1793 786 1846 L.
806 1791 1025 1862 impossibilium.
1036 1793 1070 1862 ff.
1090 1797 1124 1852 de
1174 1790 1371 1855 miniculantes;
1390 1789 1527 1860 ldynsing.
1550 1800 1574 1840 s.
1592 1787 1694 1842 obsera.
1716 1796 1758 1838 ts.
1776 1803 1803 1838 n.
1824 1797 1849 1839 s.
1867 1784 1940 1839 Gail.

352 1871 533 1944 re3.]ur.pt'0
547 1875 686 1944 quosacit,
700 1876 769 1945 quod
781 1887 949 1948 praeceptum
962 1877 1060 1947 judicis
1074 1881 1124 1934 im.
1173 1874 1220 1928 lib.
1242 1885 1263 1926 l.
1282 1875 1339 1928 obt.
1360 1887 1402 1928 dl.
1421 1893 1449 1927 11.
1470 1885 1494 1927 l·
1514 1873 1592 1928 Tales
1610 1881 1700 1925 aulem
1718 1870 1826 1923 articuli
1847 1869 1941 1925 libelb
1978 1879 2008 1924 dl

349 1959 477 2032 possibile
491 1959 589 2012 nutlim
602 1960 639 2014 sit
656 1961 791 2015 momenti.
804 1965 835 2016 L.
844 1960 902 2033 fin.
911 1960 953 2032 ff.
973 1983 1043 2036 pm
1061 1983 1123 2019 sen·
1176 1959 1287 2026 inserti,
1306 1969 1398 2031 utpote
1424 1961 1531 2015 inutiles
1555 1978 1571 2013 a
1592 1957 1684 2030 jndice
1708 1955 1865 2011 admittendi
1889 1973 1944 2010 non

352 2057 417 2100 tent.
431 2045 490 2098 sine
504 2045 601 2116 appell.
620 2045 735 2099 rescind.
754 2046 831 2099 vitiat
848 2057 874 2100 et
890 2047 1006 2102 annullat
1023 2061 1125 2106 contra-
1173 2051 1254 2108 ³⁰⁰²,
1273 2051 1304 2094 ¹¹2
1321 2043 1480 2113 Pfflbenlur·
1500 2060 1522 2096 θ·
1540 2039 1642 2096 dilem-
1655 2042 1692 2096 Χ·
1709 2039 1743 2092 de
1760 2037 1945 2111 ⁶²⁶²Pi·s⁰⁶¹'⁸

351 2142 423 2184 cmm
442 2129 468 2182 d.
488 2127 505 2180 l.
524 2127 697 2199 impossibilis
715 2131 748 2184 cle
762 2133 794 2184 V.
816 2131 846 2184 0.
866 2131 1044 2206 multomagis
1060 2137 1124 2191 arti-
1174 2126 1192 2177 1·
1213 2125 1355 2197 ⁷·fln-ff·
1374 2129 1408 2181 dc
1425 2125 1556 2184 tuendis.
1572 2125 1646 2197 petit.
1665 2125 1682 2178 l.
1704 2133 1744 2176 ts.
1764 2129 1785 2186 §.
1806 2133 1831 2174 2.
1835 2120 1895 2193 fin.
1899 2121 1942 2192 ff.

351 2213 406 2268 culi
423 2213 487 2265 tales
505 2213 670 2267 annullantur
688 2225 715 2268 et
732 2215 898 2286 rejiciuntur.
1174 2211 1206 2264 tle
1219 2211 1336 2283 jurejur.
1355 2212 1373 2265 l.
1381 2211 1441 2283 fin.
1461 2218 1483 2275 §.
1506 2223 1529 2263 1.
1550 2213 1577 2266 C.
1597 2209 1632 2264 de
1649 2207 1747 2281 appell.
1767 2206 1836 2260 Cum
1849 2224 1878 2261 ea
1889 2209 1942 2261 sal·

389 2296 510 2366 Negativi
527 2307 598 2362 sunt,
616 2297 662 2367 qni
688 2300 724 2352 ita
742 2300 861 2371 concepti
880 2303 998 2372 negando
1011 2317 1121 2375 ponunt,
1174 2304 1227 2350 tem
1239 2296 1468 2369 adprobationem
1487 2294 1744 2364 admittenda,qnae
1756 2290 1868 2364 probata
1880 2311 1942 2364 pro·

351 2391 440 2435 contra
449 2381 513 2433 tales
526 2381 650 2452 excipere
664 2383 836 2450 adversarius,
848 2397 875 2440 et
886 2388 942 2440 illis
962 2392 1120 2460 respondere
1172 2381 1244 2434 ΜΠ
1267 2381 1406 2452 profutura
1431 2391 1508 2436 sunl·
1536 2382 1606 2436 Sunt
1630 2389 1719 2434 tamen
1744 2378 1792 2450 qui
1823 2387 1939 2449 putant,
1980 2389 2011 2433 12

350 2481 403 2518 non
421 2473 540 2531 tenetur,
559 2465 621 2535 quia
638 2467 685 2535 qui
703 2479 779 2536 negat
795 2488 848 2524 non
862 2473 955 2542 ponit,
974 2475 1020 2528 sed
1039 2496 1124 2533 remp).
1173 2465 1337 2519 admissione
1354 2467 1528 2520 articulorum
1548 2465 1782 2537 impertinentium
1800 2481 1854 2518 non
1872 2465 1942 2517 mul·

354 2563 404 2606 vet·
423 2553 524 2603 Verum
536 2549 585 2602 has
597 2553 742 2622 positiones
756 2553 818 2608 lacti
836 2561 922 2627 specie
939 2564 1060 2630 exigente
1078 2564 1123 2617 ad.
1174 2561 1231 2604 tum
1250 2549 1367 2622 partibus
1380 2549 1559 2624 praejudicari
1572 2548 1752 2620 litigantibus,
1767 2547 1790 2600 si
1803 2547 1884 2617 judex
1897 2550 1943 2602 ad-

350 2635 425 2690 mitti
445 2633 540 2688 debere
559 2646 673 2690 etreum
692 2637 724 2688 ad
742 2655 785 2690 eas
804 2641 962 2710 respondere
981 2649 1067 2702 teneri
1085 2651 1123 2702 ait
1172 2634 1218 2690 dai
1236 2636 1378 2690 ⁰¹⁰¹¹⁸l¹¹⁸¹1¹
1396 2637 1472 2690 5⁰²⁹⁰
1486 2635 1551 2704 lm
1575 2631 1806 2704 ’ἹΠΡΜῘΜΜΜ
1832 2643 1860 2687 ⁰²
1882 2651 1939 2686 Μ

349 2722 422 2776 Bart.
441 2722 471 2776 in
490 2721 508 2774 l.
528 2737 551 2774 e.
570 2729 591 2784 §.
618 2733 642 2772 1.
672 2725 701 2777 C.
727 2725 761 2777 de
780 2724 864 2795 jures.
884 2740 999 2800 propter
1019 2733 1119 2788 catum,
1173 2721 1422 2785 admittendorum,
1440 2722 1514 2788 cujus
1533 2719 1558 2774 vi
1578 2716 1735 2788 disceptatio
1761 2717 1795 2772 dc
1818 2717 1942 2772 articulis

352 2807 433 2860 dunel.
455 2823 481 2857 n.
504 2818 545 2860 11.
565 2805 668 2858 Falsum
690 2809 763 2860 enim
785 2822 837 2877 est,
854 2813 957 2882 inquit,
975 2819 1120 2888 negativam
1171 2806 1411 2878 impertinentibus
1431 2821 1575 2876 corumque
1589 2803 1720 2858 discussio
1738 2814 1885 2860 reservatur
1897 2805 1941 2858 di-

347 2889 456 2960 probari
470 2907 522 2942 non
535 2907 621 2959 posse:
639 2891 744 2944 etiamsi
762 2895 834 2946 enim
852 2913 900 2966 per
918 2908 997 2952 testes
1013 2905 1121 2972 probari
1172 2891 1283 2961 sputa-tis
1293 2899 1483 2945 attestatoruon
1495 2900 1555 2958 post
1569 2886 1665 2942 laetam
1679 2887 1874 2958 probationem.
1887 2891 1940 2946 Sed
1978 2905 2010 2947 ss

349 2993 402 3029 non
419 2976 516 3044 possit,
534 2990 583 3046 per
594 2975 784 3032 contessionem
797 2990 883 3034 tamen
894 2983 1038 3040 adversarii
1050 2999 1120 3043 recte
1172 2975 1220 3028 ¹¹⁰⁰
1239 2991 1293 3028 ¹¹⁰⁰
1313 2975 1496 3028 unilefflfflef
1513 2970 1718 3026 mummium·
1738 2971 1770 3024 Si
1794 2972 1868 3026 ‘nim
1885 2993 1941 3030 ¹¹²¹·

351 3060 488 3133 probatur,
502 3078 548 3113 seu
557 3061 646 3132 potius
659 3057 787 3118 firinatur.
801 3065 859 3120 Hoc
869 3085 970 3138 quoque
981 3072 1039 3138 jure
1054 3073 1121 3128 Pon.
1170 3057 1271 3114 niieste
1287 3059 1476 3130 evidenterque
1494 3067 1621 3128 appareat
1645 3056 1775 3110 articulos
1793 3074 1852 3113 csse
1863 3061 1941 3131 plane

350 3141 434 3199 silicio
447 3143 626 3199 introductum
641 3156 682 3199 est
699 3165 722 3200 e.
741 3162 762 3201 t.
781 3149 1067 3224 &confessioneque
1082 3174 1119 3209 aa.
1170 3145 1375 3216 impertinentes
1394 3153 1422 3197 et
1439 3145 1629 3208 irrelevantes,
1648 3141 1748 3195 rectius
1768 3139 1851 3196 saciet
1861 3145 1943 3212 judex

350 3233 404 3286 tius
417 3241 457 3284 est
470 3231 550 3283 bodie
562 3247 695 3284 cansarum
709 3243 831 3302 patronos
843 3236 909 3290 banc
922 3250 1051 3309 receptam
1064 3259 1121 3296 oen.
1170 3231 1317 3301 rejiciendo
1336 3230 1431 3283 statim
1449 3228 1572 3284 ardmdos
1586 3227 1647 3280 illos
1655 3267 1664 3294 ,
1676 3245 1755 3297 quarn
1768 3227 1817 3280 sub
1831 3230 1941 3299 praedi-

352 3314 462 3368 tentiam
481 3316 572 3384 sequi,
590 3333 667 3384 qnam
686 3334 745 3370 cum
770 3336 862 3388 magno
879 3323 1006 3376 clientum
1026 3326 1120 3382 damno
1170 3325 1212 3370 cta
1229 3317 1343 3370 clausula
1361 3331 1405 3368 eos
1424 3313 1588 3368 admittendo
1607 3313 1660 3365 Dn.
1685 3311 1786 3366 Benna.
1805 3317 1937 3369 Process.

349 3415 428 3452 notas
447 3395 479 3450 dc
492 3415 524 3451 eo
537 3398 712 3453 dubitationes
723 3403 846 3455 excitare.
868 3409 993 3462 Wurtns.
1011 3427 1053 3479 pr.
1072 3415 1120 3466 ob.
1170 3402 1250 3458 Cicil.
1268 3421 1291 3456 c.
1315 3412 1355 3453 tt.
1376 3419 1404 3454 n.
1426 3413 1450 3454 t.
1469 3399 1542 3452 Gail.
1561 3398 1618 3452 obs.
1646 3409 1688 3451 st.
1708 3419 1726 3452 n
1764 3409 1788 3452 s.
1813 3403 1942 3458 moroan.

349 3498 418 3536 sero.
437 3479 482 3534 lib.
505 3491 526 3532 1.
546 3490 564 3532 1.
582 3481 615 3533 de
632 3483 713 3551 posit.
732 3487 818 3540 obser.
832 3499 855 3540 1.
868 3500 895 3543 et
907 3504 931 3544 t.
950 3495 1026 3548 Unde
1039 3497 1119 3550 etiarn
1170 3502 1243 3540 cons.
1265 3499 1327 3540 sss.
1345 3505 1374 3540 n.
1394 3495 1418 3538 2.
1436 3485 1499 3556 qnia
1518 3501 1552 3537 cx
1571 3483 1663 3553 regula
1682 3485 1799 3552 generali
1811 3487 1941 3559 imperti·

350 3567 380 3620 in
398 3581 499 3618 camera
517 3564 552 3620 ad
569 3567 709 3620 articulum
722 3573 868 3640 negativum
887 3578 996 3632 omnino
1014 3595 1122 3652 respon.
1172 3573 1264 3628 nentia
1283 3588 1337 3626 non
1355 3579 1419 3624 sont
1436 3569 1537 3623 irnstra
1549 3569 1738 3636 admittenda,
1751 3569 1943 3642 etimprobant

352 3653 413 3708 deti
431 3647 509 3704 debet
528 3649 596 3704 snt.
617 3651 688 3706 Gail.
705 3666 793 3726 praet.
817 3659 873 3712 als.
900 3660 917 3711 l.
948 3672 970 3714 t.
993 3663 1052 3718 obs.
1078 3678 1119 3720 sr.
1171 3675 1201 3710 ac
1218 3657 1384 3710 detestantur
1398 3655 1456 3722 jura
1474 3663 1547 3708 actus
1566 3651 1731 3707 frustraneos
1749 3664 1829 3725 atque
1847 3675 1939 3729 snper-

352 3757 378 3790 n.
401 3749 424 3788 ⁵·
1170 3740 1247 3794 fluos.
1265 3740 1282 3792 l.
1302 3740 1370 3795 ltoec
1383 3738 1524 3809 stipulatio
1548 3747 1589 3793 tt.
1608 3743 1630 3800 §.
1652 3749 1676 3798 t.
1684 3733 1725 3806 ff
1745 3749 1776 3792 ut
1792 3741 1873 3812 legat.
1890 3759 1940 3798 seu

385 3820 518 3891 Captiosis
536 3840 660 3895 responsa
672 3838 807 3880 annectere
821 3846 881 3884 reus
897 3849 998 3904 propre
1016 3851 1069 3891 non
1084 3847 1122 3890 te.
1162 3825 1311 3898 fideicom.
1328 3840 1397 3880 sero.
1416 3825 1434 3876 l.
1453 3824 1496 3878 ait
1513 3827 1643 3878 Praetor.
1664 3837 1688 3878 1.
1705 3823 1736 3877 in
1751 3843 1793 3896 pr.
1801 3824 1844 3895 ff.
1857 3826 1890 3881 de
1898 3828 1944 3897 ju-

348 3908 513 3977 netur,quia
525 3908 578 3962 sibi
597 3911 639 3962 vel
656 3911 861 3980 praejudicaret,
881 3917 923 3969 sel
940 3919 1121 3988 respondendo
1171 3910 1255 3981 rejur.
1274 3909 1361 3964 Aliter
1381 3927 1443 3964 vero
1463 3919 1520 3973 est,
1541 3909 1564 3961 si
1583 3910 1616 3962 de
1631 3909 1874 3980 impertinentibns
1887 3930 1942 3966 non

350 3993 497 4047 contrarius
509 4003 578 4045 esset
590 3993 691 4062 primae
702 3997 878 4067 responsioni.
891 4001 908 4051 l.
921 4000 947 4054 ri
963 4002 1023 4072 ouis
1041 4003 1120 4058 liber·
1172 4005 1289 4062 “mstis
1302 4007 1364 4050 lunc
1374 4013 1407 4049 ἃ
1420 3994 1537 4048 dfflflh
1549 3992 1644 4064 (⁸⁰¹00
1659 3993 1940 4066 imperii'l‘llilumlu·

351 4089 437 4132 tatem
455 4076 542 4147 §.fin
551 4075 593 4146 ff.
606 4079 638 4132 de
647 4079 724 4148 petit.
742 4081 852 4137 haered.
870 4085 931 4154 quia
948 4086 984 4138 ita
1000 4085 1078 4153 lacti,
1093 4100 1122 4143 ut
1171 4082 1223 4151 re)
1240 4079 1279 4136 uti
1297 4089 1393 4150 potest.

351 4161 407 4214 sive
426 4161 487 4231 quis
504 4170 582 4230 neget
599 4162 641 4214 sel
657 4159 824 4229 confiteatur,
844 4184 947 4239 sempor
965 4169 1018 4222 sihi
1036 4171 1121 4226 0heta.
1208 4163 1322 4218 Obscnri
1341 4163 1482 4228 dicuntur,
1495 4161 1542 4233 qai
1559 4162 1697 4220 tenebrosa
1706 4163 1873 4222 obscuritate
1885 4183 1943 4222 rem
1982 4179 2014 4222 at

352 4247 440 4299 cnlum
458 4244 551 4316 pariat.
569 4245 694 4302 Obrecht.
714 4268 736 4302 c.
759 4260 797 4302 tr.
817 4269 843 4304 n.
859 4265 900 4305 tt,
916 4257 1016 4324 :pecul
1028 4257 1061 4308 de
1071 4275 1122 4326 po.
1171 4247 1317 4302 insolutam
1337 4247 1468 4310 reddunt,
1486 4247 1566 4310 atico,
1587 4258 1615 4302 ut
1630 4265 1679 4301 nce
1693 4249 1762 4304 ottus
1777 4267 1868 4304 corum
1883 4269 1943 4306 con·

351 4333 395 4386 sit.
414 4327 437 4402 5.
458 4351 481 4398 7.
500 4347 526 4382 n.
548 4340 590 4385 2ο.
607 4329 711 4387 Ferrar.
731 4334 760 4388 in
774 4333 867 4402 form.
893 4348 998 4408 except.
1023 4350 1121 4394 contra
1171 4344 1244 4387 tenta
1263 4333 1364 4386 mentis
1382 4332 1511 4400 indagine
1530 4333 1667 4386 enucleare
1684 4335 1778 4389 valeat.
1798 4337 1941 4392 llosrccte
1980 4349 2014 4390 st

350 4415 432 4485 posit.
443 4415 519 4470 ceri.
533 4417 673 4486 captiosae
684 4419 881 4474 intermittendi
889 4434 1018 4491 ergosunt
1028 4425 1073 4490 hi,
1087 4443 1120 4478 ne
1170 4435 1220 4471 nec
1239 4416 1405 4470 admittendo
1418 4416 1500 4484 judex
1513 4433 1562 4469 nec
1573 4417 1759 4486 respondendo
1771 4420 1946 4476 condecorare

350 4501 410 4572 quis
419 4499 506 4570 gladio
513 4501 567 4554 sibi
574 4505 695 4573 jugulum
707 4517 791 4576 petat,
805 4506 910 4578 tibique
923 4509 1044 4578 laqueum
1057 4509 1120 4580 inji.
1171 4511 1277 4556 tenetur
1295 4511 1407 4572 propter
1425 4499 1629 4568 obscuritatem,
1644 4519 1710 4572 qnae
1723 4502 1944 4574 ostantentur

349 4587 409 4643 ciat.
422 4585 496 4656 Spec.
510 4587 727 4658 1111111111..
741 4590 869 4644 fenestras
887 4603 988 4662 apertas
1005 4594 1120 4662 perjurii
1172 4586 1242 4640 Νῦν·
1264 4596 1323 4638 ¹⁰⁷·
1341 4602 1403 4656 cap·
1425 4597 1448 4639 ¹·
1463 4583 1498 4637 Εῑ
1509 4585 1572 4654 quis
1585 4584 1699 4638 obscure
1713 4585 1816 4641 dicium
1830 4588 1945 4644 babetur

351 4685 395 4721 reo
413 4681 557 4724 monstrare
576 4670 662 4726 debet.
680 4673 697 4725 l.
722 4685 742 4726 t.
769 4675 801 4730 C.
824 4673 850 4728 si
866 4677 994 4730 aduersus
1018 4678 1120 4731 vendit.
1171 4685 1220 4738 pm
1239 4687 1293 4724 non
1313 4669 1401 4734 ἆίῡῑῠ.
1414 4679 1563 4740 melmae
1578 4668 1624 4738 qni
1638 4671 1944 4743 cl²¹¹'U'11l'l2lil¹⁰⁵l²⁰¹¹a

351 4753 396 4810 Sat
413 4754 482 4820 erit,
497 4754 519 4806 si
531 4757 635 4812 articuli
646 4759 708 4812 edes
722 4759 907 4830 irresponsales
917 4759 1045 4816 dicantur.
1059 4763 1119 4818 Old.
1171 4773 1249 4822 sum,
1267 4756 1365 4810 claram
1384 4751 1513 4807 formabit
1531 4753 1728 4824 quaestionem,
1747 4772 1805 4825 arg.
1819 4755 1838 4808 l.
1855 4769 1895 4809 ts.
1910 4761 1939 4812 C.

351 4839 384 4892 de
391 4836 484 4908 fias-m.
503 4841 584 4895 libell.
604 4851 625 4906 ς.
646 4857 668 4897 s.
1170 4843 1203 4896 de
1221 4849 1352 4896 transcat.
1365 4839 1430 4892 alias
1441 4837 1514 4891 enirn
1529 4839 1581 4892 etsi
1593 4836 1797 4908 respondeatur,
1808 4839 1936 4894 obscurae

389 4922 502 4976 Inutiles
520 4943 622 4997 quoque
635 4937 697 4981 suot
708 4927 817 4984 articuli
832 4931 865 4984 de
877 4929 945 4984 tacto
957 4932 1044 4984 alieno
1057 4950 1119 4986 oon.
1170 4937 1259 4980 tamen
1266 4924 1413 4997 quaestioni
1420 4963 1430 4989 ,
1442 4922 1585 4977 obscurum
1597 4921 1755 4991 subjicietur
1767 4941 1936 4995 responsum.

349 5007 438 5078 cepti,
457 5019 483 5062 et
501 5027 609 5078 prorsus
626 5010 660 5064 ad
679 5029 782 5065 cansam
802 5030 856 5066 non
875 5015 1033 5086 pertinente.
1047 5015 1117 5071 Nam
1170 5029 1227 5082 org-
1249 5013 1267 5063 1.
1288 5021 1330 5063 21.
1339 5007 1381 5080 ff.
1401 5008 1449 5080 qui
1466 5003 1598 5078 testsae.
1622 5006 1730 5080 specul.
1754 5009 1788 5064 tie
1810 5009 1891 5079 potii·
1915 5017 1941 5074 1·

349 5093 382 5146 de
396 5092 484 5147 alieno
495 5091 580 5161 sacto,
594 5094 633 5149 ait
643 5096 776 5167 Ulpianus
794 5097 876 5151 alium
889 5101 979 5168 jurare
993 5101 1117 5172 iniqnnrn
1169 5097 1290 5167 septimo.
1313 5115 1341 5150 n.
1365 5108 1404 5150 tt.

351 5189 397 5234 est·
416 5177 435 5230 l·
454 5179 611 5234 Marcellin.
635 5191 674 5232 tt.
694 5177 717 5253 5
729 5180 828 5250 jurare
845 5191 867 5246 ς.
893 5185 926 5238 de
950 5195 1002 5238 act.
1028 5203 1118 5242 rerum
1206 5181 1281 5236 luris
1300 5190 1379 5246 sunt,
1398 5181 1445 5250 qni
1471 5197 1504 5240 en
1530 5181 1587 5250 jure
1600 5178 1746 5252 ,desumpti
1764 5191 1842 5247 sunt,
1861 5179 1942 5233 calmi
1980 5193 2011 5235 ss

349 5275 514 5317 amotarum.
533 5263 564 5320 Et
582 5265 664 5321 alieni
684 5265 747 5322 iacti
765 5267 914 5339 probabilis
933 5281 972 5325 est
991 5272 1115 5340 ignorata·
1170 5270 1194 5322 si
1210 5267 1273 5338 quit
1292 5265 1377 5330 &0³2²
1400 5265 1467 5320 ilem
1484 5281 1594 5329 lemme
1613 5265 1683 5336 (1¹¹⁰d
1702 5265 1792 5330 ,mlssffl'
1810 5277 1938 5336 1111111111·-

350 5349 394 5400 tia.
413 5350 430 5399 l.
439 5350 498 5421 fin.
508 5347 550 5420 ff.
566 5366 618 5420 pro
637 5369 697 5409 suo.
716 5351 750 5407 Et
769 5371 847 5410 nemo
866 5357 899 5411 ad
913 5356 942 5410 id
953 5361 1118 5428 respondere
1168 5355 1255 5410 decim
1274 5353 1351 5408 annis
1376 5369 1428 5406 non
1448 5361 1535 5424 potest
1558 5349 1643 5406 iacere
1671 5361 1869 5408 testamentum.
1895 5349 1937 5402 tt
1979 5361 2009 5402 ss
