4482 6328
465 545 516 612 σι,
1028 537 1247 598 nisiumuo
1265 539 1340 596 inc
1851 539 1905 596 erc

396 655 511 703 attamen
523 641 575 696 boe
585 637 675 712 ipsum
687 645 837 690 correctum
848 653 907 691 esse
918 655 967 709 per
978 643 1001 700 §-
1014 642 1052 692 do
1070 640 1161 692 domn.
1220 647 1294 703 tum,
1313 656 1347 693 ex
1365 639 1425 708 jure
1441 639 1578 693 communi
1595 638 1733 709 negotium
1751 638 1984 697 determinandum

398 727 425 783 d.
446 739 465 780 t.
486 736 510 778 t.
528 723 575 778 nbi
593 723 624 772 in
641 720 769 775 omnibus
788 719 893 772 casibus
904 719 1058 773 admittitur
1069 737 1163 773 recon-
1218 741 1276 778 esse
1294 723 1370 776 dicit.
1391 724 1444 778 sed
1462 724 1531 795 quod
1551 725 1783 794 hancopinionem
1797 727 1902 790 attinet,
1915 745 1984 780 non.

395 810 500 870 ventio,
519 802 620 856 duobus
638 811 744 855 unium
762 803 890 873 emptis·
912 802 992 856 Unde
1014 811 1091 872 pulei
1115 819 1165 870 pet·
1217 809 1281 862 dunt
1298 809 1493 875 concesserim,
1511 824 1598 863 coram
1616 808 1705 879 judice
1722 809 1863 880 utriusque
1875 811 1986 882 litigau-

390 883 1020 956 imdlffiffliifflcffldpi’fflhoemmimflm
1034 902 1086 938 ¹²⁰⁰
1099 883 1166 938 fuit·
1216 893 1254 946 tis
1279 891 1406 961 suffragio
1429 901 1534 963 recepto
1560 893 1794 948 reconventionem
1817 895 1903 949 locum
1928 913 1984 950 non

392 990 424 1028 se
439 970 620 1034 admunitum,
638 971 710 1039 qnod
729 969 759 1023 in
776 969 863 1040 prima
881 969 924 1025 via
949 969 999 1022 boe
1016 967 1097 1024 luerit
1109 985 1167 1022 cor·
1217 977 1333 1042 habere,
1351 977 1472 1048 quamvis
1490 977 1540 1030 boc
1558 977 1630 1030 lmud
1645 977 1726 1047 pauci
1743 989 1870 1032 asserant.
1883 979 1983 1034 Bartcl.

395 1061 511 1108 rectum.
532 1051 587 1104 Sed
603 1068 659 1105 uon
678 1049 845 1105 admittenda
863 1051 926 1105 baec
942 1048 1047 1104 Blumii
1063 1047 1164 1119 opinio.
1218 1063 1257 1116 aa
1273 1063 1300 1116 d,
1322 1063 1420 1116 lcum
1437 1060 1627 1132 papinianus,
1645 1065 1801 1118 warum,
1818 1063 1865 1116 113,
1892 1076 1916 1118 ι,
1939 1064 1981 1118 fit,

393 1137 466 1192 Nam
491 1137 533 1207 (t)
550 1135 630 1191 verba
653 1135 810 1206 prohibitae
826 1133 1041 1190 reconventionis
1059 1133 1090 1184 in
1107 1130 1166 1203 pri·
1222 1155 1263 1197 η,
1282 1145 1341 1198 055,
1361 1157 1384 1198 3,
1404 1147 1477 1199 pm,
1494 1143 1605 1200 nam
1622 1146 1660 1200 ,Α
1676 1149 1709 1200 ι,
1728 1158 1771 1199 29,
1790 1167 1818 1202 η,
1837 1158 1881 1200 η,
1898 1170 1925 1221 3,
1950 1149 1984 1204 a,

393 1237 438 1277 m
455 1221 498 1275 via
515 1217 658 1272 admodum
677 1219 815 1290 perspicua
827 1230 904 1286 sunt,
922 1219 1030 1272 sicutea
1043 1215 1164 1288 premi·
1212 1228 1300 1300 judic.
1317 1229 1460 1299 Molignst.
1477 1229 1512 1284 cle
1528 1232 1694 1284 tteconoens.
1716 1234 1748 1300 (7.
1763 1242 1806 1284 st.
1819 1231 1911 1304 infin.
1924 1234 1985 1290 lton

399 1304 488 1360 Posit.
505 1302 676 1358 adduximus.
694 1302 746 1373 (2.)
765 1301 901 1356 Corroctio
919 1301 948 1354 in
966 1301 1060 1355 eodem
1085 1301 1165 1353 tituto
1217 1310 1291 1364 enim
1310 1312 1383 1365 ratio
1399 1312 1426 1364 d.
1444 1313 1462 1364 l.
1480 1330 1543 1366 cum
1559 1312 1755 1384 Papinianus,
1767 1314 1814 1368 bic
1826 1316 1987 1388 simpliciter

396 1389 514 1444 minim
533 1385 732 1460 praesumenda·
752 1385 1058 1459 Nec(s.)Caneipistae,
1072 1393 1104 1437 ot
1116 1384 1165 1438 bac
1217 1404 1325 1460 ms,
1345 1393 1393 1450 sed
1410 1407 1436 1450 at
1453 1395 1501 1449 ille
1517 1406 1632 1450 actorem
1649 1397 1747 1468 eligere
1764 1409 1907 1468 mumius,
1937 1403 1986 1474 qui

395 1492 460 1531 voce
477 1487 547 1540 utar,
567 1473 706 1544 quicquam
725 1473 853 1546 imputari
869 1481 970 1543 potest,
981 1487 1041 1523 eum
1054 1468 1165 1523 dubium

396 1563 503 1620 anllum
527 1559 580 1624 sit,
600 1557 796 1611 ordinationem
820 1557 1000 1620 cameralem,
1026 1565 1164 1624 antequam

401 1646 555 1720 publicata,
573 1643 655 1697 toties
673 1663 689 1696 a
706 1641 773 1696 viris
786 1641 951 1695 doctissimis
963 1642 1086 1696 relectam
1099 1636 1166 1691 tuta·

401 1747 445 1797 se,
463 1741 492 1783 ut
508 1727 592 1782 iacile
607 1743 725 1781 errorem
743 1725 829 1789 bunc,
848 1725 870 1778 si
888 1723 950 1794 quis
967 1721 1098 1777 adfuisset
1109 1738 1167 1776 cor·

396 1815 488 1886 rigere
497 1811 658 1884 potuissent.
673 1807 843 1880 Insuper(t.)
849 1809 936 1864 danda
948 1807 1018 1861 ratio
1029 1821 1069 1864 est
1080 1823 1167 1860 corre-

397 1897 538 1964 ctionis,si
550 1898 714 1966 deexpressa
721 1903 809 1948 mente
822 1893 980 1965 corrigentis
992 1910 1045 1946 non
1056 1900 1169 1946 constet·

399 1983 460 2036 imo
468 1981 512 2052 (2)
528 1979 614 2034 danda
626 1989 667 2034 est
678 1978 819 2033 diversitas
833 1978 914 2032 realis
927 1978 1001 2032 inter
1012 1975 1129 2048 primam
1141 1983 1169 2028 et

401 2077 518 2121 onerem
536 2066 628 2128 viam,
647 2080 714 2134 quae
731 2061 771 2117 vis
788 2061 943 2134 apparebit,
963 2059 1032 2112 sicut
1050 2061 1104 2128 jam
1123 2077 1167 2111 sn·

399 2151 492 2223 perius
511 2149 542 2202 iu
560 2149 645 2202 Posit.
662 2149 699 2200 X.
714 2147 787 2200 circa
803 2143 855 2198 bn.
871 2145 981 2200 dictum.
992 2144 1084 2214 ltaque
1098 2141 1170 2196 iuter

398 2251 580 2306 quoscumque
603 2229 696 2286 modos
726 2230 868 2284 diversitas
895 2229 973 2282 realis
997 2226 1104 2281 ostendi
1121 2243 1169 2278 ne·

399 2321 474 2391 quit,
491 2319 564 2372 iuter
582 2335 626 2370 eos
644 2333 694 2369 nec
712 2313 874 2369 contrarium
891 2313 933 2381 jus
945 2323 1034 2366 contra
1045 2327 1170 2380 expressa

400 2403 482 2458 verba
499 2399 666 2472 lingendum.
683 2400 737 2454 scd
754 2407 831 2468 urget
841 2409 930 2451 tamen
953 2395 1076 2448 Blamius
1092 2394 1170 2450 rerba

408 2485 558 2552 finalia,⁴§.
578 2485 711 2549 Sedunn,
736 2482 784 2536 ubi
809 2482 958 2552 Imperator
976 2478 1042 2532 dnos
1066 2486 1170 2531 tantum

403 2587 479 2626 casus
496 2569 611 2640 excipit,
631 2580 657 2622 et
673 2565 834 2638 generaliter
846 2563 969 2633 subjicit,
982 2562 1062 2614 Ades
1073 2560 1102 2614 in
1117 2560 1170 2614 den

403 2653 593 2726 cipemeldten
614 2651 760 2712 Articleln
776 2649 832 2703 soll
847 2649 900 2702 dns
923 2644 1089 2702 Widerreem
1103 2654 1171 2698 stutt

399 2737 501 2792 laben.
520 2735 589 2804 Ergo
608 2725 642 2787 ut'
657 2733 781 2804 superine
799 2731 917 2795 dictum,
935 2727 1064 2798 Exceptio
1082 2737 1109 2779 et
1124 2726 1170 2778 bic

407 2825 525 2893 regulam
542 2817 672 2875 firmabit
691 2823 792 2874 Verum
810 2817 845 2870 ad
858 2816 1018 2886 bocqncque
1032 2811 1118 2868 facilis
1130 2819 1172 2864 est

405 2909 562 2980 responsio:
580 2907 672 2977 regula
687 2905 761 2959 enim
781 2903 865 2956 haec:
881 2900 1006 2971 exceptio
1023 2895 1117 2952 firmat
1129 2913 1172 2950 re-

405 2995 495 3065 gulam
513 2995 543 3046 ia
563 2991 669 3048 casibus
688 3008 743 3044 non
762 2988 898 3058 exerptis,
915 2985 1035 3058 procedit
1051 2985 1082 3036 in
1105 2983 1173 3038 casi-

403 3079 453 3133 bus
472 3096 525 3132 non
545 3075 680 3130 similibus
698 3092 745 3127 seu
763 3071 875 3126 dirersis
893 3069 1027 3142 exceptis:
1045 3067 1076 3122 in
1100 3067 1170 3121 casi-

403 3163 453 3216 bus
470 3173 556 3216 sotem
580 3162 660 3232 plane
680 3156 818 3212 similibus
842 3155 977 3226 exceptis,
1002 3155 1066 3207 licet
1089 3152 1172 3205 etiam

404 3263 460 3299 non
477 3245 643 3317 reperiantur
662 3241 729 3296 alibi
748 3235 875 3311 specifice
892 3238 998 3310 excepti
1016 3255 1033 3289 a
1044 3237 1110 3305 jure,
1125 3251 1172 3288 ex·

405 3329 496 3399 ceptio
510 3346 565 3382 non
582 3325 670 3380 iirmat
686 3315 813 3393 regulam.
831 3321 922 3374 Nicol.
944 3317 1088 3374 Everhard.
1116 3320 1171 3370 To·

403 3411 457 3480 pic.
476 3409 571 3479 legul.
589 3411 654 3462 loc.
672 3421 697 3460 s.
715 3426 744 3459 n.
766 3418 790 3456 s.
808 3405 868 3456 llcc
891 3403 1033 3456 commoda
1053 3400 1100 3454 hic
1125 3419 1172 3472 ap·

405 3495 504 3566 plicari
521 3502 623 3566 potest;
640 3493 683 3546 via
695 3493 771 3546 enim
794 3491 886 3561 prima
909 3489 987 3542 asia
1009 3497 1098 3543 celare
1118 3504 1172 3540 non

408 3588 451 3631 est
468 3575 589 3643 diversa,
607 3573 654 3629 sed
674 3575 773 3626 similis
791 3572 847 3626 sibi
865 3569 994 3636 invicem,
1006 3579 1038 3623 ut
1052 3569 1090 3622 ita
1103 3569 1174 3642 quod

406 3663 438 3714 itt
457 3678 509 3714 nus
526 3661 596 3730 juris
613 3669 641 3713 et
659 3660 689 3712 in
705 3660 789 3710 altera
801 3673 860 3710 esse
871 3653 996 3721 debebit,
1014 3655 1173 3724 praesertim

409 3763 470 3800 cum
488 3747 519 3799 in
537 3747 581 3801 sia
597 3745 686 3818 prime
705 3742 798 3796 eadem
817 3739 902 3812 quoad
914 3739 1022 3792 verbum
1035 3737 1174 3810 dispositio

407 3831 482 3884 adsit
499 3831 532 3884 de
550 3829 752 3885 reconventione
770 3845 824 3880 non
842 3825 1018 3880 admittenda.
1042 3825 1113 3894 Ergo
1133 3842 1173 3878 re·

410 3920 501 3989 spexit
519 3919 716 3988 imperatorin
733 3914 823 3972 serbis
839 3921 916 3966 antea
935 3910 1056 3966 adductis
1074 3910 1175 3965 adrias

326 4043 328 4050 ,
411 4003 490 4068 illas,
507 4003 539 4056 in
556 4002 653 4074 quibus
671 3998 761 4056 eadem
780 3997 882 4068 jndices
900 3996 1081 4052 constituendi
1107 3996 1176 4048 ratio

410 4105 467 4142 nnn
482 4088 582 4142 aderat.

452 4175 492 4228 Ex
510 4173 584 4228 hisce
602 4173 657 4243 jam
674 4179 759 4245 pater,
778 4177 884 4241 praeter
903 4183 977 4222 casus
996 4177 1105 4238 quanm
1128 4181 1175 4236 po-

412 4261 458 4314 sit.
481 4261 565 4316 nix,
590 4258 716 4312 adductos
742 4253 972 4310 reconventionem
996 4254 1025 4306 in
1050 4267 1177 4323 processu

415 4345 605 4416 bustregsrum
623 4344 710 4397 locum
727 4339 833 4393 babere·
843 4339 922 4392 Unde
933 4337 958 4390 si
969 4338 1068 4392 elector
1080 4338 1177 4389 clecto-

411 4447 481 4496 rsm,
492 4431 533 4486 rel
550 4429 633 4484 alium
651 4427 804 4498 principem
822 4424 853 4477 iu
870 4425 912 4493 jus
928 4431 1004 4478 vocet
1020 4438 1108 4474 coram
1125 4419 1177 4472 Au·

412 4517 525 4588 strepis,
548 4527 573 4570 et
596 4515 713 4570 invicem
735 4511 791 4566 sibi
814 4509 898 4564 alium
914 4508 1069 4580 principem
1089 4505 1119 4556 in
1138 4506 1177 4573 ju-

410 4605 500 4658 dicem
517 4603 663 4674 elegerint,
683 4599 916 4656 reconventionem
935 4597 1028 4664 utique
1052 4593 1178 4647 obtinere.

413 4689 467 4743 Sed
484 4705 534 4740 nec
552 4688 617 4741 baec
635 4685 769 4739 sententia
786 4702 803 4735 a
814 4679 1026 4735 contradictione
1038 4675 1178 4740 immunis,

411 4772 477 4825 dum
493 4779 703 4841 oppugnatorem
719 4767 800 4820 babet
812 4764 873 4820 dub
887 4762 1047 4818 sichardum
1059 4761 1090 4814 in
1103 4761 1177 4814 Com.

409 4857 479 4912 cod.
499 4855 538 4909 ad
553 4857 585 4909 d.
604 4855 675 4909 Cum
693 4849 879 4919 Papinianus.
903 4858 944 4899 tt.
961 4849 996 4904 C.
1008 4847 1042 4900 de
1062 4854 1179 4899 sentem.

411 4947 440 4993 et
457 4937 581 4991 interloc.
600 4953 628 4988 n.
649 4933 794 5006 s.quiboc
807 4928 1084 4986 utitnriundcmeutc:
1097 4943 1180 4998 quam

414 5021 451 5074 do
470 5019 563 5074 ambae
579 5029 667 5091 partes
685 5019 831 5090 impetrant
841 5015 978 5071 cummuni
989 5028 1121 5068 consensu
1132 5013 1181 5064 ali-

413 5121 494 5178 quem
512 5103 660 5176 delegatum
678 5119 758 5176 super
776 5119 806 5156 re
832 5110 905 5156 certa
931 5101 971 5155 sal
996 5115 1094 5163 musa,
1118 5107 1182 5150 time

415 5209 505 5247 coram
522 5191 571 5246 illo
591 5189 710 5260 delegato
727 5205 781 5242 nou
797 5187 879 5242 habet
895 5187 983 5240 lecum
1000 5181 1180 5248 remnventio,

415 5275 450 5332 ob
467 5286 617 5332 cessantem
634 5272 774 5330 rationem.
792 5273 822 5327 irs
841 5275 867 5327 d.
885 5272 904 5324 1.
921 5290 983 5326 cum
995 5269 1182 5338 Papinianus·

417 5366 487 5436 qnod
503 5372 593 5437 postea
604 5361 719 5436 applicat
728 5360 763 5414 ad
776 5377 866 5416 casum
878 5368 1008 5412 nostrorn-
1022 5355 1095 5408 Dum
1108 5353 1182 5406 enim

421 5447 627 5508 ’220120222-
644 5447 677 5506 de
694 5447 745 5502 lanc
762 5463 824 5524 essu
841 5443 914 5503 attur
929 5456 1052 5516 expresse
1065 5435 1182 5512 disposi-

1217 1496 1278 1532 cnm
1296 1478 1349 1534 alio
1370 1479 1463 1548 eligit,
1482 1481 1501 1532 t.
1525 1489 1549 1532 t.
1565 1489 1594 1534 et
1610 1490 1635 1531 2.
1645 1478 1690 1550 ff.
1705 1483 1740 1536 de
1751 1482 1985 1554 judic-qaodcu-

1217 1562 1325 1617 dentius
1339 1561 1428 1617 adbuc
1438 1563 1535 1635 probat
1545 1565 1568 1627 l·
1583 1575 1606 1618 t.
1617 1565 1650 1620 G.
1661 1567 1695 1619 de
1702 1565 1801 1635 judee
1814 1566 1883 1637 Ergo
1896 1587 1989 1638 qnam·

1218 1648 1260 1702 sis
1277 1647 1358 1718 'podex
1377 1657 1473 1718 utraq;
1491 1657 1573 1718 perte
1586 1651 1774 1704 consentiente
1789 1651 1897 1718 electris,
1916 1663 1989 1708 actor

1218 1749 1302 1788 veroa
1316 1751 1365 1786 reo
1374 1743 1517 1788 conventus
1523 1735 1705 1806 exceptionem
1718 1733 1771 1788 tori
1785 1735 1987 1792 declinatoriam

1217 1833 1351 1887 opponere
1367 1817 1454 1882 velit,
1472 1825 1590 1871 attamen
1606 1815 1725 1870 obstsbit
1742 1815 1827 1871 adbuc
1846 1821 1923 1872 ratio.
1950 1823 1982 1874 l.

1219 1919 1280 1955 cnm
1298 1901 1485 1969 Papinianus.
1504 1901 1546 1954 Tc
1565 1901 1635 1954 bunc
1648 1902 1754 1971 elegisti
1772 1902 1889 1971 judicem
1901 1912 1931 1956 nt
1942 1921 1989 1974 pm

1221 1993 1248 2036 te
1266 1985 1411 2050 indiceret,
1431 1999 1492 2054 ergo
1509 1983 1632 2037 eumdem
1651 1984 1792 2056 repudiare
1809 1987 1863 2054 jans
1875 2001 1928 2038 non
1942 2003 1990 2057 po·

1222 2069 1302 2134 teris;
1320 2081 1346 2124 et
1361 2071 1482 2140 qmmvis
1501 2066 1622 2124 eumdem
1643 2085 1696 2124 non
1716 2072 1788 2126 solus
1807 2070 1887 2140 eligat
1903 2081 1987 2134 actor,

1220 2162 1310 2208 tamen
1329 2163 1357 2208 et
1373 2155 1420 2224 qui
1438 2171 1499 2208 cum
1524 2152 1578 2206 alio
1601 2153 1694 2223 eligit,
1720 2154 1834 2225 elegisse
1856 2163 1989 2208 censetur.

1220 2240 1253 2293 L
1276 2249 1298 2291 t.
1321 2241 1351 2292 C.
1371 2237 1518 2308 clesjurisd.
1538 2239 1617 2308 Quod
1634 2237 1745 2292 uberius
1769 2237 1878 2293 deducit
1901 2235 1989 2292 Ban-

1222 2322 1298 2374 bard.
1316 2323 1408 2376 Ursin.
1430 2321 1464 2375 de
1481 2328 1647 2381 Recensum.
1660 2341 1717 2392 cup.
1732 2334 1775 2376 ro.
1792 2341 1823 2376 n.
1841 2336 1865 2376 t·
1879 2331 1990 2392 atseqq.

1220 2405 1262 2458 cni
1288 2407 1436 2463 sententiae
1462 2406 1657 2478 adstipulantur
1683 2409 1778 2477 ililiig.
1808 2408 1838 2460 in
1863 2407 1941 2460 Dnu.
1967 2407 1986 2456 l.

1226 2499 1264 2542 tr.
1283 2508 1306 2542 e.
1329 2503 1369 2544 te.
1387 2489 1425 2543 lit.
1444 2509 1480 2543 m.
1491 2491 1610 2560 Tbecph.
1624 2491 1761 2544 Gisebert.
1774 2492 1809 2545 de
1822 2493 1989 2546 Reconseut.

1222 2590 1245 2626 e.
1266 2583 1308 2625 tt.
1328 2591 1356 2626 n.
1377 2584 1403 2626 t.
1419 2575 1542 2628 tremat.
1561 2576 1600 2626 A.
1618 2574 1648 2626 J.
1669 2577 1703 2642 (l.
1721 2575 1740 2626 l.
1762 2585 1785 2626 t.
1814 2583 1918 2644 quaest.
1948 2585 1990 2625 ts.

1221 2675 1250 2710 n.
1270 2671 1294 2710 s.
1313 2658 1391 2728 Qsmd
1412 2659 1492 2712 mukc
1510 2655 1594 2726 magis
1613 2657 1667 2710 sibi
1685 2658 1775 2712 locum
1797 2657 1946 2712 vindicabit
1964 2657 1995 2710 in

1223 2755 1345 2811 processu
1360 2741 1557 2810 Austregarnrn:
1570 2741 1624 2794 tric
1637 2741 1710 2794 enim
1721 2740 1820 2810 judicis
1834 2741 1928 2795 electio
1940 2757 1994 2794 non

1222 2824 1342 2878 alibera
1358 2833 1386 2877 et
1409 2824 1529 2894 simplici
1557 2825 1692 2878 voluntate
1715 2825 1814 2878 actoris
1841 2825 1994 2895 dependet,

1224 2907 1271 2962 sed
1289 2925 1321 2962 ex
1340 2908 1508 2980 praescripto
1526 2909 1591 2978 legis
1609 2908 1773 2978 imperialis.

1259 2993 1399 3046 Caeterum
1417 2993 1484 3063 quid
1502 2993 1525 3046 si
1544 2992 1671 3063 princeps
1696 2991 1869 3046 immediatus
1893 3011 1908 3046 a
1934 2993 1991 3047 cive

1224 3075 1332 3146 imperii
1351 3074 1465 3130 mediato
1482 3093 1569 3130 caram
1589 3073 1731 3144 Austvegis
1746 3085 1889 3128 concentus
1900 3073 1993 3142 luerit,

1224 3177 1314 3212 annon
1332 3169 1358 3214 et
1375 3159 1410 3212 ita
1428 3161 1501 3214 locus
1518 3160 1571 3213 erit
1584 3155 1802 3212 reconventioni?
1815 3158 1933 3214 drabitari
1946 3178 1995 3230 po-

1224 3253 1295 3296 terat
1311 3243 1427 3308 exinde,
1444 3244 1508 3314 quia
1525 3244 1594 3296 civis
1612 3241 1747 3296 mediatus
1763 3243 1843 3312 plane
1853 3242 1941 3296 iorum
1951 3262 1996 3296 co·

1224 3345 1282 3383 rem
1302 3330 1437 3398 imtregis
1455 3347 1509 3382 non
1528 3329 1649 3393 sortitur,
1669 3343 1730 3398 argo
1747 3343 1798 3380 nec
1816 3329 1856 3380 ibi
1870 3345 1995 3382 reconve-

1224 3413 1281 3467 niri
1292 3413 1402 3486 poterit.
1411 3411 1464 3467 Sed
1477 3411 1621 3465 imbellicis
1634 3411 1822 3482 consequentia
1835 3413 1993 3484 estzquippe

1225 3497 1271 3549 hic
1299 3496 1453 3550 ordinarius
1481 3495 1698 3551 reconventionis
1731 3493 1840 3550 effectus
1868 3505 1932 3562 est,
1968 3509 1998 3552 ut

1223 3592 1340 3637 actorem
1359 3583 1389 3634 in
1408 3582 1614 3636 reconventione
1631 3581 1755 3652 subjiciat
1772 3579 1856 3649 iudici
1868 3599 1923 3635 non
1937 3600 1995 3648 sno,

1225 3669 1271 3722 sed
1288 3668 1493 3739 incompetenti.
1510 3665 1610 3722 Bernh.
1628 3665 1721 3722 Ursin.
1740 3666 1767 3718 ti.
1786 3669 1832 3720 Tr·
1849 3687 1873 3722 e.
1894 3679 1936 3720 22.
1962 3689 1991 3722 n.

1229 3760 1268 3805 tt.
1287 3751 1357 3820 Ergo
1377 3753 1416 3804 sic
1435 3751 1569 3805 mediatus
1585 3767 1688 3821 qunqtts
1706 3749 1788 3815 einis,
1813 3750 1886 3821 qucd
1910 3749 1999 3804 iorum

1226 3854 1280 3890 non
1298 3839 1410 3891 sortitur
1428 3855 1462 3891 ex
1479 3854 1595 3907 persona
1618 3854 1679 3901 sua,
1705 3847 1821 3892 attamen
1846 3853 1880 3889 cx
1903 3844 2000 3890 natura

1227 3921 1441 3974 ressurectionis
1458 3920 1586 3974 sortiatur
1603 3935 1661 3992 urg.
1680 3919 1700 3972 1.
1720 3915 1784 3991 s..§.
1805 3931 1828 3970 s.
1847 3935 1922 3974 cers·
1946 3921 2001 3973 seu*

1227 4015 1255 4060 et
1269 4005 1296 4057 si
1312 4016 1397 4075 ugnus
1404 4001 1448 4072 ff.
1467 4004 1500 4058 de
1513 4003 1601 4075 judic.
1618 4005 1670 4058 Pro
1696 4021 1749 4074 qua
1771 4002 1907 4058 decisione
1931 4001 1998 4056 iacit

1227 4099 1314 4143 textus
1333 4089 1442 4144 evidens
1461 4091 1492 4142 in
1513 4091 1544 4143 0.
1562 4090 1595 4146 G.
1613 4091 1652 4142 P.
1675 4099 1699 4140 2.
1726 4099 1745 4142 t.
1773 4100 1799 4146 t.
1824 4096 1846 4152 §.
1857 4089 1917 4159 fin.
1944 4091 1999 4144 Ubi

1228 4177 1334 4230 eaedem
1351 4187 1411 4232 octo
1426 4175 1484 4232 viae
1502 4179 1529 4230 d.
1550 4185 1572 4228 2.
1591 4184 1614 4226 4.
1640 4175 1824 4247 praescriptae
1838 4177 1926 4228 locum
1941 4176 1990 4228 bs·

1227 4261 1313 4328 beut,
1333 4262 1357 4315 si
1376 4261 1508 4314 mediatns
1526 4259 1677 4331 principem
1696 4260 1841 4316 conveniat.
1856 4264 1917 4314 dam
1936 4279 1999 4316 vcro

1229 4349 1258 4400 in
1276 4348 1332 4400 illis
1350 4347 1402 4401 viis
1420 4346 1588 4401 reconventio
1614 4346 1757 4402 manifesto
1783 4363 1923 4410 concessa,
1948 4347 1998 4400 ali-

1227 4431 1323 4501 quibus
1341 4432 1476 4502 cxceptis,
1507 4445 1570 4500 ergo
1600 4429 1665 4484 haec
1684 4430 1744 4501 ipsa
1770 4431 1941 4486 reconventio
1964 4429 2001 4482 ad

1229 4515 1399 4570 immediatos
1417 4514 1545 4585 restringi
1556 4513 1667 4585 nequit,
1682 4513 1729 4568 scd
1742 4512 1778 4568 ad
1793 4513 1923 4568 mediatos
1935 4531 2000 4584 quo-

1229 4619 1280 4670 que
1292 4618 1377 4655 coram
1391 4599 1528 4669 dustregis
1540 4614 1697 4669 processum
1711 4597 1895 4665 instituentes,
1907 4609 2000 4652 exten-

1230 4683 1325 4740 dends.
1344 4685 1439 4738 Ursin.
1458 4684 1484 4736 d.
1503 4699 1527 4735 e.
1547 4693 1589 4738 22.
1608 4701 1638 4734 n.
1657 4692 1703 4734 22.

1267 4767 1341 4838 Qnee
1358 4781 1422 4820 vero
1439 4767 1472 4821 de
1481 4767 1688 4822 reconventione
1705 4767 1733 4820 in
1747 4783 1870 4838 processu
1885 4767 1992 4821 dustre-

1232 4871 1324 4925 gsrum
1343 4852 1420 4905 licita
1437 4853 1564 4906 hactenns
1582 4851 1669 4918 dicta,
1687 4868 1742 4904 non
1761 4851 1820 4904 sine
1837 4852 1999 4906 limitatione

1233 4936 1407 5002 dimittenda,
1426 4935 1472 4990 sed
1490 4936 1530 4990 ita
1546 4934 1748 5006 restringenda
1766 4934 1845 4989 modo
1863 4952 1942 4989 causa
1964 4937 2000 4988 ob

1231 5039 1311 5093 quam
1329 5019 1497 5076 reconventio
1515 5020 1652 5084 instituta,
1665 5035 1700 5072 ex
1712 5031 1780 5076 certa
1793 5018 1906 5091 quadam
1918 5021 2001 5072 ratio-

1233 5127 1267 5162 ne
1293 5125 1324 5162 ac
1340 5105 1470 5178 qualitate
1493 5105 1585 5160 iorum
1602 5107 1789 5175 Austrcgarum
1800 5091 1803 5098 Δ
1814 5123 1867 5160 non
1886 5115 2003 5175 respuat.

1234 5193 1362 5265 Quamvis
1378 5191 1453 5246 enim
1470 5189 1681 5261 incompetentia
1699 5189 1751 5244 iori
1763 5191 1864 5242 ratione
1875 5203 2002 5260 personae

1233 5277 1466 5334 reconventicoem
1496 5275 1639 5343 admittat,
1671 5274 1879 5346 incompetentia
1911 5283 2002 5328 tamen

1234 5377 1326 5416 caune
1342 5359 1435 5430 utique
1452 5358 1653 5414 reconventioni
1665 5356 1791 5411 obstabit.
1805 5356 1877 5409 ilinc
1888 5355 2001 5408 clerium

1235 5463 1322 5506 coram
1339 5445 1428 5518 judice
1446 5444 1557 5502 seculari
1575 5443 1691 5518 aliquem
1710 5444 1883 5512 conveniens,
1900 5439 1936 5494 ah
1957 5456 2005 5502 ea-
