<?xml version="1.0" encoding="UTF-8"?>
<!DOCTYPE html PUBLIC "-//W3C//DTD XHTML 1.0 Transitional//EN"
    "http://www.w3.org/TR/xhtml1/DTD/xhtml1-transitional.dtd">
<html xmlns="http://www.w3.org/1999/xhtml" xml:lang="en" lang="en">
 <head>
  <title>
</title>
<meta http-equiv="Content-Type" content="text/html;charset=utf-8" />
  <meta name='ocr-system' content='tesseract 3.04.00' />
  <meta name='ocr-capabilities' content='ocr_page ocr_carea ocr_par ocr_line ocrx_word'/>
</head>
<body>
  <div class='ocr_page' id='page_1' title='image "./samuelisstrykii09schogoog_0176.png"; bbox 0 0 4478 6350; ppageno 0'>
   <div class='ocr_carea' id='block_1_1' title="bbox 439 522 1886 598">
    <p class='ocr_par' dir='ltr' id='par_1_1' title="bbox 439 522 1886 598">
     <span class='ocr_line' id='line_1_1' title="bbox 439 522 1886 598; baseline -0.016 0"><span class='ocrx_word' id='word_1_1' title='bbox 439 547 490 598; x_wconf 77' lang='lat'>333</span> <span class='ocrx_word' id='word_1_2' title='bbox 910 532 1100 590; x_wconf 74' lang='lat' dir='ltr'>ntsrtttt.</span> <span class='ocrx_word' id='word_1_3' title='bbox 1119 529 1180 586; x_wconf 81' lang='lat' dir='ltr'>t&#39;tl.</span> <span class='ocrx_word' id='word_1_4' title='bbox 1199 527 1341 585; x_wconf 76' lang='lat' dir='ltr'>Postrto</span> <span class='ocrx_word' id='word_1_5' title='bbox 1358 528 1434 586; x_wconf 64' lang='lat' dir='ltr'>itti.</span> <span class='ocrx_word' id='word_1_6' title='bbox 1834 522 1886 590; x_wconf 67' lang='grc'>334</span> 
     </span>
    </p>
   </div>
   <div class='ocr_carea' id='block_1_2' title="bbox 322 619 1963 1476">
    <p class='ocr_par' dir='ltr' id='par_1_2' title="bbox 371 619 1957 868">
     <span class='ocr_line' id='line_1_2' title="bbox 373 619 1955 711; baseline -0.012 -15"><span class='ocrx_word' id='word_1_7' title='bbox 373 643 447 710; x_wconf 79' lang='lat' dir='ltr'>Quid</span> <span class='ocrx_word' id='word_1_8' title='bbox 463 641 496 696; x_wconf 86' lang='lat' dir='ltr'>de</span> <span class='ocrx_word' id='word_1_9' title='bbox 511 639 649 700; x_wconf 79' lang='lat' dir='ltr'>sententio</span> <span class='ocrx_word' id='word_1_10' title='bbox 670 637 812 711; x_wconf 79' lang='lat' dir='ltr'>receptiori</span> <span class='ocrx_word' id='word_1_11' title='bbox 824 632 1028 705; x_wconf 78' lang='lat' dir='ltr'>judicandum?</span> <span class='ocrx_word' id='word_1_12' title='bbox 1047 651 1076 684; x_wconf 89' lang='grc' dir='ltr'>ιι.</span> <span class='ocrx_word' id='word_1_13' title='bbox 1099 643 1124 682; x_wconf 82' lang='grc' dir='ltr'>ο.</span> <span class='ocrx_word' id='word_1_14' title='bbox 1185 627 1317 681; x_wconf 87' lang='lat' dir='ltr'>sententia</span> <span class='ocrx_word' id='word_1_15' title='bbox 1336 638 1429 681; x_wconf 80' lang='lat' dir='ltr'>textus.</span> <span class='ocrx_word' id='word_1_16' title='bbox 1453 625 1486 678; x_wconf 76' lang='lat' dir='ltr'>l.</span> <span class='ocrx_word' id='word_1_17' title='bbox 1504 639 1574 694; x_wconf 78' lang='lat' dir='ltr'>pune</span> <span class='ocrx_word' id='word_1_18' title='bbox 1586 619 1725 691; x_wconf 67' lang='lat' dir='ltr'>,sonuitin</span> <span class='ocrx_word' id='word_1_19' title='bbox 1748 634 1773 676; x_wconf 78' lang='grc' dir='ltr'>ο.</span> <span class='ocrx_word' id='word_1_20' title='bbox 1798 625 1827 678; x_wconf 89' lang='lat' dir='ltr'>C.</span> <span class='ocrx_word' id='word_1_21' title='bbox 1852 624 1885 676; x_wconf 79' lang='lat' dir='ltr'>de</span> <span class='ocrx_word' id='word_1_22' title='bbox 1912 623 1955 693; x_wconf 85' lang='lat' dir='ltr'>pi-</span> 
     </span>
     <span class='ocr_line' id='line_1_3' title="bbox 371 710 1957 792; baseline -0.013 -10"><span class='ocrx_word' id='word_1_23' title='bbox 371 731 457 782; x_wconf 83' lang='lat' dir='ltr'>Cosus</span> <span class='ocrx_word' id='word_1_24' title='bbox 471 729 600 783; x_wconf 80' lang='lat' dir='ltr'>insolitus</span> <span class='ocrx_word' id='word_1_25' title='bbox 610 725 656 778; x_wconf 86' lang='lat' dir='ltr'>vel</span> <span class='ocrx_word' id='word_1_26' title='bbox 668 723 873 778; x_wconf 73' lang='lat' dir='ltr'>insottcnstmns</span> <span class='ocrx_word' id='word_1_27' title='bbox 885 716 1035 792; x_wconf 82' lang='lat' dir='ltr'>quisnam?</span> <span class='ocrx_word' id='word_1_28' title='bbox 1049 734 1076 769; x_wconf 89' lang='lat' dir='ltr'>n.</span> <span class='ocrx_word' id='word_1_29' title='bbox 1094 727 1135 768; x_wconf 95' lang='grc' dir='ltr'>ιο.</span> <span class='ocrx_word' id='word_1_30' title='bbox 1184 729 1266 784; x_wconf 73' lang='lat' dir='ltr'>gnon</span> <span class='ocrx_word' id='word_1_31' title='bbox 1285 723 1338 767; x_wconf 86' lang='lat' dir='ltr'>oct.</span> <span class='ocrx_word' id='word_1_32' title='bbox 1358 713 1402 764; x_wconf 94' lang='lat' dir='ltr'>ubi</span> <span class='ocrx_word' id='word_1_33' title='bbox 1422 711 1553 780; x_wconf 86' lang='lat' dir='ltr'>generalis</span> <span class='ocrx_word' id='word_1_34' title='bbox 1572 710 1727 773; x_wconf 80' lang='lat' dir='ltr'>conventio,</span> <span class='ocrx_word' id='word_1_35' title='bbox 1746 719 1778 762; x_wconf 94' lang='lat' dir='ltr'>ut</span> <span class='ocrx_word' id='word_1_36' title='bbox 1789 711 1899 762; x_wconf 83' lang='lat' dir='ltr'>omissio</span> <span class='ocrx_word' id='word_1_37' title='bbox 1911 711 1957 779; x_wconf 89' lang='lat' dir='ltr'>pi-</span> 
     </span>
     <span class='ocr_line' id='line_1_4' title="bbox 1187 795 1957 868; baseline -0.005 -19"><span class='ocrx_word' id='word_1_38' title='bbox 1187 797 1277 868; x_wconf 87' lang='lat' dir='ltr'>gnoris</span> <span class='ocrx_word' id='word_1_39' title='bbox 1288 797 1383 849; x_wconf 87' lang='lat' dir='ltr'>liberet</span> <span class='ocrx_word' id='word_1_40' title='bbox 1393 795 1557 857; x_wconf 87' lang='lat' dir='ltr'>debitorem,</span> <span class='ocrx_word' id='word_1_41' title='bbox 1570 795 1724 846; x_wconf 82' lang='lat' dir='ltr'>extenditur</span> <span class='ocrx_word' id='word_1_42' title='bbox 1737 796 1771 846; x_wconf 87' lang='lat' dir='ltr'>ad</span> <span class='ocrx_word' id='word_1_43' title='bbox 1783 811 1843 848; x_wconf 90' lang='lat' dir='ltr'>eum</span> <span class='ocrx_word' id='word_1_44' title='bbox 1858 810 1957 856; x_wconf 73' lang='lat' dir='ltr'>meunt,</span> 
     </span>
    </p>

    <p class='ocr_par' dir='ltr' id='par_1_3' title="bbox 322 841 1960 1135">
     <span class='ocr_line' id='line_1_5' title="bbox 322 841 1953 959; baseline -0.013 -9"><span class='ocrx_word' id='word_1_45' title='bbox 322 911 331 950; x_wconf 94' lang='grc' dir='ltr'>ι</span> <span class='ocrx_word' id='word_1_46' title='bbox 372 841 476 950; x_wconf 79' lang='lat' dir='ltr'>Casus</span> <span class='ocrx_word' id='word_1_47' title='bbox 495 896 618 950; x_wconf 74' lang='lat' dir='ltr'>fortuitos</span> <span class='ocrx_word' id='word_1_48' title='bbox 636 914 651 948; x_wconf 87' lang='lat' dir='ltr'>a</span> <span class='ocrx_word' id='word_1_49' title='bbox 675 893 784 948; x_wconf 89' lang='lat' dir='ltr'>nemine</span> <span class='ocrx_word' id='word_1_50' title='bbox 805 889 942 945; x_wconf 75' lang='lat' dir='ltr'>ordinarie</span> <span class='ocrx_word' id='word_1_51' title='bbox 965 882 1137 959; x_wconf 86' lang='lat' dir='ltr'>praestandos</span> <span class='ocrx_word' id='word_1_52' title='bbox 1188 883 1213 937; x_wconf 91' lang='lat' dir='ltr'>si</span> <span class='ocrx_word' id='word_1_53' title='bbox 1231 881 1334 934; x_wconf 87' lang='lat' dir='ltr'>casibus</span> <span class='ocrx_word' id='word_1_54' title='bbox 1352 879 1491 944; x_wconf 78' lang='lat' dir='ltr'>fortuitis,</span> <span class='ocrx_word' id='word_1_55' title='bbox 1509 878 1555 948; x_wconf 90' lang='lat' dir='ltr'>qui</span> <span class='ocrx_word' id='word_1_56' title='bbox 1575 877 1726 949; x_wconf 75' lang='lat' dir='ltr'>praevideri</span> <span class='ocrx_word' id='word_1_57' title='bbox 1739 895 1794 930; x_wconf 92' lang='lat' dir='ltr'>non</span> <span class='ocrx_word' id='word_1_58' title='bbox 1807 877 1953 946; x_wconf 90' lang='lat' dir='ltr'>potuerint,</span> 
     </span>
     <span class='ocr_line' id='line_1_6' title="bbox 370 960 1959 1050; baseline -0.014 -16"><span class='ocrx_word' id='word_1_59' title='bbox 370 999 443 1046; x_wconf 87' lang='lat' dir='ltr'>asse,</span> <span class='ocrx_word' id='word_1_60' title='bbox 469 980 579 1050; x_wconf 79' lang='lat' dir='ltr'>injure</span> <span class='ocrx_word' id='word_1_61' title='bbox 595 979 755 1033; x_wconf 81' lang='lat' dir='ltr'>tralatitium</span> <span class='ocrx_word' id='word_1_62' title='bbox 775 985 828 1040; x_wconf 77' lang='lat' dir='ltr'>est3</span> <span class='ocrx_word' id='word_1_63' title='bbox 846 975 945 1044; x_wconf 89' lang='lat' dir='ltr'>quippe</span> <span class='ocrx_word' id='word_1_64' title='bbox 964 989 1023 1024; x_wconf 89' lang='lat' dir='ltr'>cum</span> <span class='ocrx_word' id='word_1_65' title='bbox 1048 969 1136 1021; x_wconf 90' lang='lat' dir='ltr'>homi·</span> <span class='ocrx_word' id='word_1_66' title='bbox 1189 977 1216 1021; x_wconf 91' lang='lat' dir='ltr'>ut</span> <span class='ocrx_word' id='word_1_67' title='bbox 1232 981 1385 1036; x_wconf 72' lang='lat' dir='ltr'>aggressura</span> <span class='ocrx_word' id='word_1_68' title='bbox 1403 966 1536 1018; x_wconf 86' lang='lat' dir='ltr'>latronum</span> <span class='ocrx_word' id='word_1_69' title='bbox 1555 963 1652 1032; x_wconf 87' lang='lat' dir='ltr'>pignus</span> <span class='ocrx_word' id='word_1_70' title='bbox 1671 960 1796 1030; x_wconf 87' lang='lat' dir='ltr'>perierit,</span> <span class='ocrx_word' id='word_1_71' title='bbox 1808 961 1842 1013; x_wconf 87' lang='lat' dir='ltr'>de</span> <span class='ocrx_word' id='word_1_72' title='bbox 1854 979 1907 1030; x_wconf 85' lang='lat' dir='ltr'>qsso</span> <span class='ocrx_word' id='word_1_73' title='bbox 1920 970 1959 1014; x_wconf 86' lang='lat' dir='ltr'>ta-</span> 
     </span>
     <span class='ocr_line' id='line_1_7' title="bbox 370 1041 1960 1135; baseline -0.015 -17"><span class='ocrx_word' id='word_1_74' title='bbox 370 1067 415 1119; x_wconf 91' lang='lat' dir='ltr'>nis</span> <span class='ocrx_word' id='word_1_75' title='bbox 429 1065 527 1119; x_wconf 80' lang='lat' dir='ltr'>laetcun</span> <span class='ocrx_word' id='word_1_76' title='bbox 541 1064 582 1118; x_wconf 94' lang='lat' dir='ltr'>illi</span> <span class='ocrx_word' id='word_1_77' title='bbox 594 1062 751 1135; x_wconf 75' lang='lat' dir='ltr'>regulariter</span> <span class='ocrx_word' id='word_1_78' title='bbox 764 1078 815 1113; x_wconf 93' lang='lat' dir='ltr'>non</span> <span class='ocrx_word' id='word_1_79' title='bbox 829 1067 974 1128; x_wconf 84' lang='lat' dir='ltr'>agnoscant</span> <span class='ocrx_word' id='word_1_80' title='bbox 986 1055 1137 1127; x_wconf 84' lang='lat' dir='ltr'>praevium,</span> <span class='ocrx_word' id='word_1_81' title='bbox 1190 1067 1250 1102; x_wconf 87' lang='lat' dir='ltr'>men</span> <span class='ocrx_word' id='word_1_82' title='bbox 1270 1043 1393 1118; x_wconf 81' lang='lat' dir='ltr'>specifice</span> <span class='ocrx_word' id='word_1_83' title='bbox 1404 1045 1493 1098; x_wconf 82' lang='lat' dir='ltr'>lorsan</span> <span class='ocrx_word' id='word_1_84' title='bbox 1508 1062 1561 1096; x_wconf 90' lang='lat' dir='ltr'>non</span> <span class='ocrx_word' id='word_1_85' title='bbox 1579 1043 1628 1096; x_wconf 87' lang='lat' dir='ltr'>luit</span> <span class='ocrx_word' id='word_1_86' title='bbox 1639 1043 1788 1110; x_wconf 87' lang='lat' dir='ltr'>cogitatum.</span> <span class='ocrx_word' id='word_1_87' title='bbox 1803 1041 1870 1094; x_wconf 80' lang='lat' dir='ltr'>ata.</span> <span class='ocrx_word' id='word_1_88' title='bbox 1884 1042 1903 1092; x_wconf 90' lang='lat' dir='ltr'>l.</span> <span class='ocrx_word' id='word_1_89' title='bbox 1918 1055 1960 1094; x_wconf 83' lang='lat' dir='ltr'>st.</span> 
     </span>
    </p>

    <p class='ocr_par' dir='ltr' id='par_1_4' title="bbox 373 1128 1961 1303">
     <span class='ocr_line' id='line_1_8' title="bbox 375 1128 1960 1212; baseline -0.012 -10"><span class='ocrx_word' id='word_1_90' title='bbox 375 1161 404 1202; x_wconf 93' lang='lat' dir='ltr'>ut</span> <span class='ocrx_word' id='word_1_91' title='bbox 424 1152 462 1204; x_wconf 91' lang='lat' dir='ltr'>sic</span> <span class='ocrx_word' id='word_1_92' title='bbox 481 1149 504 1202; x_wconf 89' lang='lat' dir='ltr'>si</span> <span class='ocrx_word' id='word_1_93' title='bbox 522 1150 611 1212; x_wconf 91' lang='lat' dir='ltr'>ullibi,</span> <span class='ocrx_word' id='word_1_94' title='bbox 628 1157 700 1200; x_wconf 91' lang='lat' dir='ltr'>certe</span> <span class='ocrx_word' id='word_1_95' title='bbox 718 1145 763 1196; x_wconf 91' lang='lat' dir='ltr'>hic</span> <span class='ocrx_word' id='word_1_96' title='bbox 779 1135 822 1197; x_wconf 81' lang='lat' dir='ltr'>res</span> <span class='ocrx_word' id='word_1_97' title='bbox 847 1143 916 1212; x_wconf 92' lang='lat' dir='ltr'>perit</span> <span class='ocrx_word' id='word_1_98' title='bbox 938 1159 984 1194; x_wconf 88' lang='lat' dir='ltr'>suo</span> <span class='ocrx_word' id='word_1_99' title='bbox 1009 1138 1137 1200; x_wconf 86' lang='lat' dir='ltr'>domino,</span> <span class='ocrx_word' id='word_1_100' title='bbox 1189 1130 1212 1204; x_wconf 98' lang='grc'>5</span> <span class='ocrx_word' id='word_1_101' title='bbox 1228 1147 1252 1184; x_wconf 83' lang='lat' dir='ltr'>t·</span> <span class='ocrx_word' id='word_1_102' title='bbox 1261 1131 1302 1202; x_wconf 79' lang='lat' dir='ltr'><em>ffi</em></span> <span class='ocrx_word' id='word_1_103' title='bbox 1322 1131 1403 1183; x_wconf 77' lang='lat' dir='ltr'>locat·</span> <span class='ocrx_word' id='word_1_104' title='bbox 1430 1129 1615 1184; x_wconf 71' lang='lat' dir='ltr'>li&#39;ittenbaclt·</span> <span class='ocrx_word' id='word_1_105' title='bbox 1636 1129 1820 1182; x_wconf 79' lang='lat' dir='ltr'>commentar.</span> <span class='ocrx_word' id='word_1_106' title='bbox 1839 1128 1877 1179; x_wconf 79' lang='lat' dir='ltr'>ad</span> <span class='ocrx_word' id='word_1_107' title='bbox 1889 1129 1960 1180; x_wconf 78' lang='grc' dir='ltr'><em>Ιι-Ῑ-</em></span> 
     </span>
     <span class='ocr_line' id='line_1_9' title="bbox 373 1211 1961 1303; baseline -0.015 -17"><span class='ocrx_word' id='word_1_108' title='bbox 373 1234 418 1303; x_wconf 91' lang='lat' dir='ltr'>qui</span> <span class='ocrx_word' id='word_1_109' title='bbox 439 1234 574 1288; x_wconf 85' lang='lat' dir='ltr'>mirabilia</span> <span class='ocrx_word' id='word_1_110' title='bbox 593 1231 645 1286; x_wconf 87' lang='lat' dir='ltr'>Dei</span> <span class='ocrx_word' id='word_1_111' title='bbox 662 1229 761 1300; x_wconf 84' lang='lat' dir='ltr'>judicia</span> <span class='ocrx_word' id='word_1_112' title='bbox 780 1227 894 1298; x_wconf 86' lang='lat' dir='ltr'>patienti</span> <span class='ocrx_word' id='word_1_113' title='bbox 913 1226 980 1280; x_wconf 85' lang='lat' dir='ltr'>feret</span> <span class='ocrx_word' id='word_1_114' title='bbox 993 1225 1100 1285; x_wconf 88' lang='lat' dir='ltr'>animo,</span> <span class='ocrx_word' id='word_1_115' title='bbox 1113 1229 1141 1272; x_wconf 85' lang='lat' dir='ltr'>et</span> <span class='ocrx_word' id='word_1_116' title='bbox 1193 1217 1259 1288; x_wconf 82' lang='lat' dir='ltr'>disp.</span> <span class='ocrx_word' id='word_1_117' title='bbox 1281 1225 1304 1266; x_wconf 83' lang='grc' dir='ltr'>ι.</span> <span class='ocrx_word' id='word_1_118' title='bbox 1323 1216 1361 1266; x_wconf 82' lang='grc' dir='ltr'><em>ιιι.</em></span> <span class='ocrx_word' id='word_1_119' title='bbox 1382 1225 1424 1267; x_wconf 79' lang='grc' dir='ltr'>ιο.</span> <span class='ocrx_word' id='word_1_120' title='bbox 1443 1212 1471 1266; x_wconf 81' lang='lat' dir='ltr'>in</span> <span class='ocrx_word' id='word_1_121' title='bbox 1480 1212 1540 1282; x_wconf 78' lang='lat' dir='ltr'>stn-</span> <span class='ocrx_word' id='word_1_122' title='bbox 1560 1213 1621 1265; x_wconf 80' lang='grc' dir='ltr'><em>ιοιι.</em></span> <span class='ocrx_word' id='word_1_123' title='bbox 1646 1214 1747 1282; x_wconf 83' lang='lat' dir='ltr'>Harpr·</span> <span class='ocrx_word' id='word_1_124' title='bbox 1768 1211 1873 1266; x_wconf 81' lang='lat' dir='ltr'>comm.</span> <span class='ocrx_word' id='word_1_125' title='bbox 1891 1212 1961 1264; x_wconf 75' lang='lat' dir='ltr'>tao.</span> 
     </span>
    </p>

    <p class='ocr_par' dir='ltr' id='par_1_5' title="bbox 377 1294 1963 1476">
     <span class='ocr_line' id='line_1_10' title="bbox 377 1294 1963 1390; baseline -0.009 -20"><span class='ocrx_word' id='word_1_126' title='bbox 377 1337 404 1370; x_wconf 91' lang='lat' dir='ltr'>se</span> <span class='ocrx_word' id='word_1_127' title='bbox 423 1320 536 1390; x_wconf 83' lang='lat' dir='ltr'>peccatis</span> <span class='ocrx_word' id='word_1_128' title='bbox 554 1320 609 1373; x_wconf 87' lang='lat' dir='ltr'>suis</span> <span class='ocrx_word' id='word_1_129' title='bbox 628 1316 818 1385; x_wconf 82' lang='lat' dir='ltr'>maioraetiam</span> <span class='ocrx_word' id='word_1_130' title='bbox 832 1313 975 1376; x_wconf 87' lang='lat' dir='ltr'>meruisse,</span> <span class='ocrx_word' id='word_1_131' title='bbox 990 1311 1140 1363; x_wconf 84' lang='lat' dir='ltr'>bacautem</span> <span class='ocrx_word' id='word_1_132' title='bbox 1192 1302 1230 1354; x_wconf 75' lang='lat' dir='ltr'>ad</span> <span class='ocrx_word' id='word_1_133' title='bbox 1247 1297 1271 1370; x_wconf 82' lang='grc'>5-</span> <span class='ocrx_word' id='word_1_134' title='bbox 1290 1299 1456 1354; x_wconf 73' lang='lat' dir='ltr'>Condudvr·</span> <span class='ocrx_word' id='word_1_135' title='bbox 1475 1308 1575 1350; x_wconf 75' lang='lat' dir='ltr'>cutm.</span> <span class='ocrx_word' id='word_1_136' title='bbox 1597 1309 1619 1346; x_wconf 77' lang='grc'>6·</span> <span class='ocrx_word' id='word_1_137' title='bbox 1640 1315 1668 1348; x_wconf 76' lang='lat'>¹1·</span> <span class='ocrx_word' id='word_1_138' title='bbox 1693 1306 1737 1348; x_wconf 79' lang='lat'>⁸²·</span> <span class='ocrx_word' id='word_1_139' title='bbox 1762 1294 1794 1348; x_wconf 70' lang='lat' dir='ltr'>de</span> <span class='ocrx_word' id='word_1_140' title='bbox 1820 1297 1912 1356; x_wconf 70' lang='lat' dir='ltr'>lvcalt</span> <span class='ocrx_word' id='word_1_141' title='bbox 1936 1305 1963 1348; x_wconf 80' lang='lat' dir='ltr'>et</span> 
     </span>
     <span class='ocr_line' id='line_1_11' title="bbox 378 1378 1962 1476; baseline -0.016 -20"><span class='ocrx_word' id='word_1_142' title='bbox 378 1405 482 1457; x_wconf 88' lang='lat' dir='ltr'>ratione</span> <span class='ocrx_word' id='word_1_143' title='bbox 499 1403 531 1457; x_wconf 83' lang='lat' dir='ltr'>sd</span> <span class='ocrx_word' id='word_1_144' title='bbox 550 1403 744 1476; x_wconf 82' lang='lat' dir='ltr'>poenitentiam</span> <span class='ocrx_word' id='word_1_145' title='bbox 764 1411 867 1454; x_wconf 85' lang='lat' dir='ltr'>tantum</span> <span class='ocrx_word' id='word_1_146' title='bbox 886 1399 976 1453; x_wconf 74' lang='lat' dir='ltr'>allec</span> <span class='ocrx_word' id='word_1_147' title='bbox 994 1398 1025 1448; x_wconf 93' lang='lat'>0.</span> <span class='ocrx_word' id='word_1_148' title='bbox 1045 1397 1083 1446; x_wconf 84' lang='grc' dir='ltr'><strong>Μ.</strong></span> <span class='ocrx_word' id='word_1_149' title='bbox 1102 1393 1142 1444; x_wconf 88' lang='lat' dir='ltr'>in·</span> <span class='ocrx_word' id='word_1_150' title='bbox 1190 1385 1314 1440; x_wconf 73' lang='lat' dir='ltr'>coridon.</span> <span class='ocrx_word' id='word_1_151' title='bbox 1333 1379 1408 1452; x_wconf 82' lang='grc' dir='ltr'><em>ιιιι5.</em></span> <span class='ocrx_word' id='word_1_152' title='bbox 1429 1394 1452 1433; x_wconf 96' lang='grc'><strong>2.</strong></span> <span class='ocrx_word' id='word_1_153' title='bbox 1471 1382 1491 1435; x_wconf 90' lang='grc' dir='ltr'>ι.</span> <span class='ocrx_word' id='word_1_154' title='bbox 1510 1381 1582 1454; x_wconf 82' lang='lat' dir='ltr'>quid.</span> <span class='ocrx_word' id='word_1_155' title='bbox 1601 1379 1675 1432; x_wconf 83' lang='lat' dir='ltr'>mod.</span> <span class='ocrx_word' id='word_1_156' title='bbox 1694 1381 1850 1434; x_wconf 80' lang='lat' dir='ltr'>recontrole.</span> <span class='ocrx_word' id='word_1_157' title='bbox 1876 1378 1962 1452; x_wconf 76' lang='lat' dir='ltr'>oblig.</span> 
     </span>
    </p>
   </div>
   <div class='ocr_carea' id='block_1_3' title="bbox 378 1476 2014 1636">
    <p class='ocr_par' dir='ltr' id='par_1_6' title="bbox 378 1476 2014 1636">
     <span class='ocr_line' id='line_1_12' title="bbox 378 1476 1418 1557; baseline -0.017 -19"><span class='ocrx_word' id='word_1_158' title='bbox 378 1488 459 1540; x_wconf 74' lang='lat' dir='ltr'>citari</span> <span class='ocrx_word' id='word_1_159' title='bbox 477 1487 609 1557; x_wconf 84' lang='lat' dir='ltr'>cogitabit.</span> <span class='ocrx_word' id='word_1_160' title='bbox 621 1488 695 1539; x_wconf 79' lang='lat' dir='ltr'>ltine</span> <span class='ocrx_word' id='word_1_161' title='bbox 709 1495 737 1538; x_wconf 87' lang='lat' dir='ltr'>et</span> <span class='ocrx_word' id='word_1_162' title='bbox 749 1483 848 1537; x_wconf 83' lang='lat' dir='ltr'>decisio</span> <span class='ocrx_word' id='word_1_163' title='bbox 863 1482 934 1535; x_wconf 92' lang='lat' dir='ltr'>inter</span> <span class='ocrx_word' id='word_1_164' title='bbox 947 1479 999 1532; x_wconf 73' lang='grc' dir='ltr'><em>ιιι.</em></span> <span class='ocrx_word' id='word_1_165' title='bbox 1013 1495 1065 1530; x_wconf 81' lang='grc' dir='ltr'><em>ιιοιι</em></span> <span class='ocrx_word' id='word_1_166' title='bbox 1079 1476 1143 1528; x_wconf 86' lang='lat' dir='ltr'>adeo</span> <span class='ocrx_word' id='word_1_167' title='bbox 1194 1490 1222 1523; x_wconf 83' lang='lat' dir='ltr'>n.</span> <span class='ocrx_word' id='word_1_168' title='bbox 1243 1483 1285 1522; x_wconf 77' lang='lat'>³⁵.</span> <span class='ocrx_word' id='word_1_169' title='bbox 1303 1478 1329 1523; x_wconf 90' lang='lat' dir='ltr'>et</span> <span class='ocrx_word' id='word_1_170' title='bbox 1346 1484 1418 1538; x_wconf 73' lang='lat' dir='ltr'>sopp.</span> 
     </span>
     <span class='ocr_line' id='line_1_13' title="bbox 380 1549 2014 1636; baseline -0.014 -13"><span class='ocrx_word' id='word_1_171' title='bbox 380 1571 486 1624; x_wconf 85' lang='lat' dir='ltr'>ridetur</span> <span class='ocrx_word' id='word_1_172' title='bbox 505 1571 598 1636; x_wconf 63' lang='lat' dir='ltr'>dubim</span> <span class='ocrx_word' id='word_1_173' title='bbox 614 1571 764 1624; x_wconf 74' lang='lat' dir='ltr'>Periculum</span> <span class='ocrx_word' id='word_1_174' title='bbox 775 1568 833 1624; x_wconf 87' lang='lat' dir='ltr'>scil.</span> <span class='ocrx_word' id='word_1_175' title='bbox 848 1583 956 1620; x_wconf 84' lang='lat' dir='ltr'>casuum</span> <span class='ocrx_word' id='word_1_176' title='bbox 973 1563 1143 1616; x_wconf 79' lang='lat' dir='ltr'>fortuitorum</span> <span class='ocrx_word' id='word_1_177' title='bbox 1232 1553 1356 1606; x_wconf 73' lang='lat' dir='ltr'>Rationes</span> <span class='ocrx_word' id='word_1_178' title='bbox 1374 1549 1514 1603; x_wconf 75' lang='lat' dir='ltr'>‹lubitondi</span> <span class='ocrx_word' id='word_1_179' title='bbox 1533 1557 1608 1602; x_wconf 74' lang='lat' dir='ltr'>antea</span> <span class='ocrx_word' id='word_1_180' title='bbox 1623 1549 1790 1617; x_wconf 75' lang='lat' dir='ltr'>allegatores</span> <span class='ocrx_word' id='word_1_181' title='bbox 1802 1549 1962 1618; x_wconf 85' lang='lat' dir='ltr'>praeceden-</span> <span class='ocrx_word' id='word_1_182' title='bbox 2000 1559 2014 1600; x_wconf 83' lang='lat' dir='ltr'>s</span> 
     </span>
    </p>
   </div>
   <div class='ocr_carea' id='block_1_4' title="bbox 337 1632 1971 2316">
    <p class='ocr_par' dir='ltr' id='par_1_7' title="bbox 337 1632 1971 2316">
     <span class='ocr_line' id='line_1_14' title="bbox 386 1632 1964 1727; baseline -0.01 -22"><span class='ocrx_word' id='word_1_183' title='bbox 386 1655 419 1706; x_wconf 86' lang='lat' dir='ltr'>sd</span> <span class='ocrx_word' id='word_1_184' title='bbox 439 1655 577 1708; x_wconf 87' lang='lat' dir='ltr'>dominum</span> <span class='ocrx_word' id='word_1_185' title='bbox 595 1663 728 1727; x_wconf 86' lang='lat' dir='ltr'>spectare,</span> <span class='ocrx_word' id='word_1_186' title='bbox 747 1671 799 1708; x_wconf 91' lang='lat' dir='ltr'>non</span> <span class='ocrx_word' id='word_1_187' title='bbox 817 1652 849 1705; x_wconf 88' lang='lat' dir='ltr'>ad</span> <span class='ocrx_word' id='word_1_188' title='bbox 868 1650 1033 1702; x_wconf 67' lang='lat' dir='ltr'>detentorem</span> <span class='ocrx_word' id='word_1_189' title='bbox 1055 1646 1093 1698; x_wconf 92' lang='lat' dir='ltr'>rei</span> <span class='ocrx_word' id='word_1_190' title='bbox 1113 1647 1144 1698; x_wconf 78' lang='lat' dir='ltr'>t.</span> <span class='ocrx_word' id='word_1_191' title='bbox 1198 1636 1268 1688; x_wconf 61' lang='lat' dir='ltr'>libus</span> <span class='ocrx_word' id='word_1_192' title='bbox 1286 1635 1364 1688; x_wconf 71' lang='lat' dir='ltr'>steilo</span> <span class='ocrx_word' id='word_1_193' title='bbox 1376 1634 1487 1688; x_wconf 78' lang='lat' dir='ltr'>refutari</span> <span class='ocrx_word' id='word_1_194' title='bbox 1506 1644 1638 1704; x_wconf 84' lang='lat' dir='ltr'>poterunt·</span> <span class='ocrx_word' id='word_1_195' title='bbox 1658 1633 1712 1684; x_wconf 85' lang='lat' dir='ltr'>Nec</span> <span class='ocrx_word' id='word_1_196' title='bbox 1731 1634 1749 1684; x_wconf 92' lang='grc' dir='ltr'>ι.</span> <span class='ocrx_word' id='word_1_197' title='bbox 1769 1643 1811 1684; x_wconf 74' lang='grc'><strong>22.</strong></span> <span class='ocrx_word' id='word_1_198' title='bbox 1826 1632 1903 1688; x_wconf 75' lang='lat' dir='ltr'>acte</span> <span class='ocrx_word' id='word_1_199' title='bbox 1915 1649 1964 1688; x_wconf 82' lang='lat' dir='ltr'>rte-</span> 
     </span>
     <span class='ocr_line' id='line_1_15' title="bbox 384 1714 1965 1809; baseline -0.008 -17"><span class='ocrx_word' id='word_1_200' title='bbox 384 1759 454 1809; x_wconf 79' lang='lat' dir='ltr'>quoe</span> <span class='ocrx_word' id='word_1_201' title='bbox 460 1737 601 1806; x_wconf 82' lang='lat' dir='ltr'>fortuitis.</span> <span class='ocrx_word' id='word_1_202' title='bbox 621 1751 645 1791; x_wconf 82' lang='lat' dir='ltr'>s.</span> <span class='ocrx_word' id='word_1_203' title='bbox 668 1740 696 1794; x_wconf 90' lang='lat' dir='ltr'>C.</span> <span class='ocrx_word' id='word_1_204' title='bbox 715 1739 747 1791; x_wconf 82' lang='lat' dir='ltr'>de</span> <span class='ocrx_word' id='word_1_205' title='bbox 762 1738 871 1808; x_wconf 78' lang='lat' dir='ltr'>pignor.</span> <span class='ocrx_word' id='word_1_206' title='bbox 884 1744 936 1787; x_wconf 82' lang='lat' dir='ltr'>oet·</span> <span class='ocrx_word' id='word_1_207' title='bbox 951 1734 968 1784; x_wconf 94' lang='grc' dir='ltr'>ι.</span> <span class='ocrx_word' id='word_1_208' title='bbox 982 1739 1147 1785; x_wconf 64' lang='lat' dir='ltr'>contractio.</span> <span class='ocrx_word' id='word_1_209' title='bbox 1195 1729 1250 1788; x_wconf 68' lang='lat' dir='ltr'>sot.</span> <span class='ocrx_word' id='word_1_210' title='bbox 1273 1730 1338 1786; x_wconf 70' lang='lat' dir='ltr'>gest.</span> <span class='ocrx_word' id='word_1_211' title='bbox 1361 1719 1501 1790; x_wconf 84' lang='lat' dir='ltr'>quicquam</span> <span class='ocrx_word' id='word_1_212' title='bbox 1526 1716 1653 1770; x_wconf 86' lang='lat' dir='ltr'>obstaculi</span> <span class='ocrx_word' id='word_1_213' title='bbox 1677 1725 1763 1780; x_wconf 67' lang='lat' dir='ltr'>cmii</span> <span class='ocrx_word' id='word_1_214' title='bbox 1790 1714 1965 1770; x_wconf 61' lang='grc' dir='ltr'>(Ῑῡῦθθᾶιωῑῐθ</span> 
     </span>
     <span class='ocr_line' id='line_1_16' title="bbox 387 1801 1965 1893; baseline -0.005 -31"><span class='ocrx_word' id='word_1_215' title='bbox 387 1833 428 1874; x_wconf 73' lang='lat'>23,</span> <span class='ocrx_word' id='word_1_216' title='bbox 439 1823 481 1890; x_wconf 73' lang='lat' dir='ltr'>ff,</span> <span class='ocrx_word' id='word_1_217' title='bbox 498 1825 532 1877; x_wconf 69' lang='lat' dir='ltr'>d,</span> <span class='ocrx_word' id='word_1_218' title='bbox 550 1827 582 1877; x_wconf 66' lang='lat' dir='ltr'>p,</span> <span class='ocrx_word' id='word_1_219' title='bbox 603 1829 626 1879; x_wconf 73' lang='lat'>1,</span> <span class='ocrx_word' id='word_1_220' title='bbox 638 1824 690 1877; x_wconf 51' lang='lat' dir='ltr'>pn,</span> <span class='ocrx_word' id='word_1_221' title='bbox 705 1823 797 1893; x_wconf 53' lang='lat' dir='ltr'>cnm,</span> <span class='ocrx_word' id='word_1_222' title='bbox 811 1819 933 1888; x_wconf 48' lang='lat' dir='ltr'>,pmgpg</span> <span class='ocrx_word' id='word_1_223' title='bbox 947 1817 1065 1870; x_wconf 55' lang='lat' dir='ltr'>Forma,</span> <span class='ocrx_word' id='word_1_224' title='bbox 1075 1824 1147 1882; x_wconf 64' lang='lat' dir='ltr'>pare,</span> <span class='ocrx_word' id='word_1_225' title='bbox 1197 1803 1271 1856; x_wconf 88' lang='lat' dir='ltr'>euim</span> <span class='ocrx_word' id='word_1_226' title='bbox 1290 1803 1424 1868; x_wconf 83' lang='lat' dir='ltr'>libenter,</span> <span class='ocrx_word' id='word_1_227' title='bbox 1442 1804 1517 1872; x_wconf 88' lang='lat' dir='ltr'>quod</span> <span class='ocrx_word' id='word_1_228' title='bbox 1536 1802 1699 1870; x_wconf 75' lang='lat' dir='ltr'>negotiorum</span> <span class='ocrx_word' id='word_1_229' title='bbox 1718 1810 1804 1868; x_wconf 86' lang='lat' dir='ltr'>gestor</span> <span class='ocrx_word' id='word_1_230' title='bbox 1821 1801 1854 1853; x_wconf 88' lang='lat' dir='ltr'>ad</span> <span class='ocrx_word' id='word_1_231' title='bbox 1875 1819 1965 1854; x_wconf 86' lang='lat' dir='ltr'>casnm</span> 
     </span>
     <span class='ocr_line' id='line_1_17' title="bbox 390 1884 1966 1978; baseline -0.011 -18"><span class='ocrx_word' id='word_1_232' title='bbox 390 1917 414 1956; x_wconf 79' lang='lat' dir='ltr'>a.</span> <span class='ocrx_word' id='word_1_233' title='bbox 434 1919 520 1960; x_wconf 81' lang='lat' dir='ltr'>conce.</span> <span class='ocrx_word' id='word_1_234' title='bbox 542 1918 584 1961; x_wconf 84' lang='lat' dir='ltr'>rc.</span> <span class='ocrx_word' id='word_1_235' title='bbox 602 1907 657 1978; x_wconf 69' lang='lat' dir='ltr'>def</span> <span class='ocrx_word' id='word_1_236' title='bbox 678 1917 718 1959; x_wconf 80' lang='lat' dir='ltr'>ss.</span> <span class='ocrx_word' id='word_1_237' title='bbox 737 1925 764 1960; x_wconf 85' lang='grc' dir='ltr'>ιι.</span> <span class='ocrx_word' id='word_1_238' title='bbox 780 1915 820 1957; x_wconf 88' lang='grc' dir='ltr'>ιι.</span> <span class='ocrx_word' id='word_1_239' title='bbox 835 1905 910 1958; x_wconf 72' lang='lat' dir='ltr'>mne</span> <span class='ocrx_word' id='word_1_240' title='bbox 923 1911 951 1954; x_wconf 81' lang='lat' dir='ltr'>ec</span> <span class='ocrx_word' id='word_1_241' title='bbox 963 1901 991 1953; x_wconf 85' lang='grc' dir='ltr'>ιἰι</span> <span class='ocrx_word' id='word_1_242' title='bbox 1002 1898 1087 1970; x_wconf 76' lang='lat' dir='ltr'>cpecie</span> <span class='ocrx_word' id='word_1_243' title='bbox 1100 1897 1149 1950; x_wconf 81' lang='lat' dir='ltr'>‹ta-</span> <span class='ocrx_word' id='word_1_244' title='bbox 1201 1888 1334 1944; x_wconf 80' lang='lat' dir='ltr'>fortuitum</span> <span class='ocrx_word' id='word_1_245' title='bbox 1354 1889 1542 1958; x_wconf 78' lang='lat' dir='ltr'>praestandum</span> <span class='ocrx_word' id='word_1_246' title='bbox 1562 1904 1615 1939; x_wconf 82' lang='lat' dir='ltr'>oon</span> <span class='ocrx_word' id='word_1_247' title='bbox 1632 1884 1778 1956; x_wconf 74' lang='lat' dir='ltr'>obligetur,</span> <span class='ocrx_word' id='word_1_248' title='bbox 1796 1884 1851 1938; x_wconf 81' lang='lat' dir='ltr'>uisi</span> <span class='ocrx_word' id='word_1_249' title='bbox 1864 1887 1966 1956; x_wconf 78' lang='lat' dir='ltr'>specia-</span> 
     </span>
     <span class='ocr_line' id='line_1_18' title="bbox 387 1967 1966 2058; baseline -0.003 -31"><span class='ocrx_word' id='word_1_250' title='bbox 387 2010 481 2046; x_wconf 61' lang='lat' dir='ltr'><em>„mum</em></span> <span class='ocrx_word' id='word_1_251' title='bbox 495 1994 524 2046; x_wconf 64' lang='lat' dir='ltr'>gn</span> <span class='ocrx_word' id='word_1_252' title='bbox 539 2011 568 2046; x_wconf 57' lang='grc' dir='ltr'><strong><em>Μ</em></strong></span> <span class='ocrx_word' id='word_1_253' title='bbox 581 1994 714 2046; x_wconf 50' lang='lat' dir='ltr'><strong><em>conducta</em></strong></span> <span class='ocrx_word' id='word_1_254' title='bbox 734 1987 930 2058; x_wconf 49' lang='lat' dir='ltr'>conflauit,</span> <span class='ocrx_word' id='word_1_255' title='bbox 949 1984 1058 2048; x_wconf 82' lang='lat' dir='ltr'>datum,</span> <span class='ocrx_word' id='word_1_256' title='bbox 1078 2003 1095 2035; x_wconf 65' lang='lat' dir='ltr'><strong><em>a</em></strong></span> <span class='ocrx_word' id='word_1_257' title='bbox 1114 1982 1152 2032; x_wconf 64' lang='grc' dir='ltr'>ιο.</span> <span class='ocrx_word' id='word_1_258' title='bbox 1201 1973 1263 2026; x_wconf 92' lang='lat' dir='ltr'>liter</span> <span class='ocrx_word' id='word_1_259' title='bbox 1281 1973 1406 2026; x_wconf 90' lang='lat' dir='ltr'>eumdem</span> <span class='ocrx_word' id='word_1_260' title='bbox 1425 1973 1454 2024; x_wconf 89' lang='lat' dir='ltr'>in</span> <span class='ocrx_word' id='word_1_261' title='bbox 1474 1989 1501 2024; x_wconf 87' lang='lat' dir='ltr'>se</span> <span class='ocrx_word' id='word_1_262' title='bbox 1521 1971 1661 2040; x_wconf 67' lang='lat' dir='ltr'>receperit,</span> <span class='ocrx_word' id='word_1_263' title='bbox 1676 1969 1722 2022; x_wconf 82' lang='lat' dir='ltr'>sed</span> <span class='ocrx_word' id='word_1_264' title='bbox 1734 1967 1880 2021; x_wconf 88' lang='lat' dir='ltr'>iudenibil</span> <span class='ocrx_word' id='word_1_265' title='bbox 1892 1969 1966 2022; x_wconf 87' lang='lat' dir='ltr'>uliud</span> 
     </span>
     <span class='ocr_line' id='line_1_19' title="bbox 387 2052 1966 2133; baseline -0.005 -5"><span class='ocrx_word' id='word_1_266' title='bbox 387 2087 481 2130; x_wconf 87' lang='lat' dir='ltr'>cutore</span> <span class='ocrx_word' id='word_1_267' title='bbox 499 2097 555 2130; x_wconf 85' lang='lat' dir='ltr'>nnn</span> <span class='ocrx_word' id='word_1_268' title='bbox 576 2079 740 2132; x_wconf 84' lang='lat' dir='ltr'>conductore</span> <span class='ocrx_word' id='word_1_269' title='bbox 756 2071 950 2128; x_wconf 82' lang='lat' dir='ltr'>restituendum</span> <span class='ocrx_word' id='word_1_270' title='bbox 972 2084 1043 2133; x_wconf 79' lang='lat' dir='ltr'>esse,</span> <span class='ocrx_word' id='word_1_271' title='bbox 1057 2064 1152 2119; x_wconf 83' lang='lat' dir='ltr'>rescri-</span> <span class='ocrx_word' id='word_1_272' title='bbox 1203 2058 1350 2121; x_wconf 64' lang='grc' dir='ltr'>οιὶῐὶιιῑῑῑῐι</span> <span class='ocrx_word' id='word_1_273' title='bbox 1368 2073 1446 2126; x_wconf 67' lang='lat' dir='ltr'>llum</span> <span class='ocrx_word' id='word_1_274' title='bbox 1464 2055 1534 2125; x_wconf 54' lang='grc' dir='ltr'>ΨΜ</span> <span class='ocrx_word' id='word_1_275' title='bbox 1558 2071 1632 2108; x_wconf 59' lang='lat'>“⁸⁰³</span> <span class='ocrx_word' id='word_1_276' title='bbox 1650 2052 1799 2122; x_wconf 49' lang='lat' dir='ltr'>‘Festum</span> <span class='ocrx_word' id='word_1_277' title='bbox 1817 2052 1909 2106; x_wconf 47' lang='grc' dir='ltr'><em>ἀεικῆ</em></span> <span class='ocrx_word' id='word_1_278' title='bbox 1926 2069 1966 2106; x_wconf 70' lang='grc' dir='ltr'>ῐθ·</span> 
     </span>
     <span class='ocr_line' id='line_1_20' title="bbox 390 2136 1966 2231; baseline -0.005 -33"><span class='ocrx_word' id='word_1_279' title='bbox 390 2169 466 2231; x_wconf 66' lang='lat' dir='ltr'>pm„</span> <span class='ocrx_word' id='word_1_280' title='bbox 486 2162 514 2213; x_wconf 69' lang='lat' dir='ltr'>j„</span> <span class='ocrx_word' id='word_1_281' title='bbox 533 2163 551 2212; x_wconf 73' lang='grc' dir='ltr'>ι,</span> <span class='ocrx_word' id='word_1_282' title='bbox 574 2164 725 2216; x_wconf 84' lang='lat' dir='ltr'>Damnum.</span> <span class='ocrx_word' id='word_1_283' title='bbox 749 2170 789 2211; x_wconf 79' lang='lat' dir='ltr'>st.</span> <span class='ocrx_word' id='word_1_284' title='bbox 808 2161 836 2214; x_wconf 67' lang='grc' dir='ltr'>ς,</span> <span class='ocrx_word' id='word_1_285' title='bbox 854 2158 936 2210; x_wconf 54' lang='lat' dir='ltr'>locat,</span> <span class='ocrx_word' id='word_1_286' title='bbox 1202 2141 1273 2210; x_wconf 84' lang='lat' dir='ltr'>cipi,</span> <span class='ocrx_word' id='word_1_287' title='bbox 1292 2157 1345 2192; x_wconf 90' lang='lat' dir='ltr'>non</span> <span class='ocrx_word' id='word_1_288' title='bbox 1364 2158 1426 2194; x_wconf 74' lang='lat' dir='ltr'>sero</span> <span class='ocrx_word' id='word_1_289' title='bbox 1445 2141 1515 2210; x_wconf 75' lang='lat' dir='ltr'>prod</span> <span class='ocrx_word' id='word_1_290' title='bbox 1536 2153 1611 2191; x_wconf 80' lang='lat' dir='ltr'>casus</span> <span class='ocrx_word' id='word_1_291' title='bbox 1629 2136 1759 2206; x_wconf 88' lang='lat' dir='ltr'>speciales</span> <span class='ocrx_word' id='word_1_292' title='bbox 1771 2136 1966 2208; x_wconf 85' lang='lat' dir='ltr'>siutrecipien-</span> 
     </span>
     <span class='ocr_line' id='line_1_21' title="bbox 337 2220 1971 2316; baseline -0.006 -21"><span class='ocrx_word' id='word_1_293' title='bbox 337 2253 350 2292; x_wconf 90' lang='grc'><strong>2</strong></span> <span class='ocrx_word' id='word_1_294' title='bbox 426 2247 484 2298; x_wconf 85' lang='grc' dir='ltr'>Ηοο</span> <span class='ocrx_word' id='word_1_295' title='bbox 502 2247 589 2316; x_wconf 84' lang='lat' dir='ltr'>ipsum</span> <span class='ocrx_word' id='word_1_296' title='bbox 610 2255 696 2300; x_wconf 82' lang='lat' dir='ltr'>tamen</span> <span class='ocrx_word' id='word_1_297' title='bbox 716 2244 764 2296; x_wconf 86' lang='lat' dir='ltr'>hac</span> <span class='ocrx_word' id='word_1_298' title='bbox 782 2242 884 2294; x_wconf 84' lang='lat' dir='ltr'>ratione</span> <span class='ocrx_word' id='word_1_299' title='bbox 900 2232 1153 2300; x_wconf 83' lang='lat' dir='ltr'>limitandum,nisi</span> <span class='ocrx_word' id='word_1_300' title='bbox 1205 2224 1246 2288; x_wconf 69' lang='lat' dir='ltr'>ui,</span> <span class='ocrx_word' id='word_1_301' title='bbox 1267 2224 1336 2278; x_wconf 87' lang='lat' dir='ltr'>inter</span> <span class='ocrx_word' id='word_1_302' title='bbox 1355 2242 1423 2295; x_wconf 67' lang='grc' dir='ltr'>ΨΜ</span> <span class='ocrx_word' id='word_1_303' title='bbox 1440 2223 1505 2294; x_wconf 67' lang='lat' dir='ltr'>quid</span> <span class='ocrx_word' id='word_1_304' title='bbox 1529 2220 1699 2276; x_wconf 50' lang='lat' dir='ltr'>differenti&amp;</span> <span class='ocrx_word' id='word_1_305' title='bbox 1723 2222 1810 2286; x_wconf 63' lang='grc' dir='ltr'>Ιιῑθῑῑι</span> <span class='ocrx_word' id='word_1_306' title='bbox 1834 2222 1917 2274; x_wconf 63' lang='lat' dir='ltr'>will!</span> <span class='ocrx_word' id='word_1_307' title='bbox 1940 2223 1971 2274; x_wconf 60' lang='grc' dir='ltr'><em>ιη</em></span> 
     </span>
    </p>
   </div>
   <div class='ocr_carea' id='block_1_5' title="bbox 388 2308 2026 2480">
    <p class='ocr_par' dir='ltr' id='par_1_8' title="bbox 388 2308 2026 2480">
     <span class='ocr_line' id='line_1_22' title="bbox 388 2308 1357 2398; baseline -0.038 0"><span class='ocrx_word' id='word_1_308' title='bbox 388 2331 449 2398; x_wconf 57' lang='lat' dir='ltr'>‘lim</span> <span class='ocrx_word' id='word_1_309' title='bbox 468 2347 556 2382; x_wconf 64' lang='lat' dir='ltr'>mum</span> <span class='ocrx_word' id='word_1_310' title='bbox 576 2328 712 2383; x_wconf 81' lang='lat' dir='ltr'>lonutrum</span> <span class='ocrx_word' id='word_1_311' title='bbox 732 2328 761 2380; x_wconf 88' lang='lat' dir='ltr'>in</span> <span class='ocrx_word' id='word_1_312' title='bbox 779 2345 809 2381; x_wconf 91' lang='lat' dir='ltr'>se</span> <span class='ocrx_word' id='word_1_313' title='bbox 825 2325 969 2393; x_wconf 86' lang='lat' dir='ltr'>receperit,</span> <span class='ocrx_word' id='word_1_314' title='bbox 988 2338 1056 2392; x_wconf 82' lang='lat' dir='ltr'>quae</span> <span class='ocrx_word' id='word_1_315' title='bbox 1073 2335 1152 2385; x_wconf 84' lang='lat' dir='ltr'>gene·</span> <span class='ocrx_word' id='word_1_316' title='bbox 1203 2308 1293 2377; x_wconf 87' lang='lat' dir='ltr'>aprico</span> <span class='ocrx_word' id='word_1_317' title='bbox 1310 2319 1357 2362; x_wconf 78' lang='lat' dir='ltr'>est</span> 
     </span>
     <span class='ocr_line' id='line_1_23' title="bbox 391 2387 2026 2480; baseline -0.021 -18"><span class='ocrx_word' id='word_1_318' title='bbox 391 2411 459 2462; x_wconf 84' lang='lat' dir='ltr'>ralis</span> <span class='ocrx_word' id='word_1_319' title='bbox 478 2411 606 2464; x_wconf 76' lang='lat' dir='ltr'>limitatio</span> <span class='ocrx_word' id='word_1_320' title='bbox 623 2421 664 2464; x_wconf 87' lang='lat' dir='ltr'>est</span> <span class='ocrx_word' id='word_1_321' title='bbox 680 2409 800 2464; x_wconf 85' lang='lat' dir='ltr'>omnium</span> <span class='ocrx_word' id='word_1_322' title='bbox 819 2402 1154 2480; x_wconf 83' lang='lat' dir='ltr'>praestationum,incon-</span> <span class='ocrx_word' id='word_1_323' title='bbox 1238 2391 1327 2458; x_wconf 82' lang='lat' dir='ltr'>Major</span> <span class='ocrx_word' id='word_1_324' title='bbox 1344 2389 1473 2443; x_wconf 73' lang='lat' dir='ltr'>dubitatio</span> <span class='ocrx_word' id='word_1_325' title='bbox 1490 2387 1563 2442; x_wconf 83' lang='lat' dir='ltr'>inter</span> <span class='ocrx_word' id='word_1_326' title='bbox 1582 2388 1636 2440; x_wconf 80' lang='lat' dir='ltr'>lid.</span> <span class='ocrx_word' id='word_1_327' title='bbox 1653 2400 1706 2453; x_wconf 65' lang='lat' dir='ltr'>este</span> <span class='ocrx_word' id='word_1_328' title='bbox 1727 2390 1776 2442; x_wconf 87' lang='lat' dir='ltr'>An</span> <span class='ocrx_word' id='word_1_329' title='bbox 1791 2387 1844 2442; x_wconf 80' lang='lat' dir='ltr'>sub</span> <span class='ocrx_word' id='word_1_330' title='bbox 1861 2387 1912 2443; x_wconf 77' lang='lat' dir='ltr'>illa</span> <span class='ocrx_word' id='word_1_331' title='bbox 1925 2407 1970 2459; x_wconf 66' lang='grc' dir='ltr'><strong>μ.</strong></span> <span class='ocrx_word' id='word_1_332' title='bbox 2008 2401 2026 2444; x_wconf 66' lang='lat' dir='ltr'>g</span> 
     </span>
    </p>
   </div>
   <div class='ocr_carea' id='block_1_6' title="bbox 349 2474 2059 5510">
    <p class='ocr_par' dir='ltr' id='par_1_9' title="bbox 349 2474 2059 5510">
     <span class='ocr_line' id='line_1_24' title="bbox 392 2474 1971 2556; baseline -0.003 -26"><span class='ocrx_word' id='word_1_333' title='bbox 392 2495 757 2552; x_wconf 54' lang='lat' dir='ltr'>„wstbumbmandmm</span> <span class='ocrx_word' id='word_1_334' title='bbox 770 2497 796 2548; x_wconf 48' lang='lat' dir='ltr'>d·</span> <span class='ocrx_word' id='word_1_335' title='bbox 811 2495 828 2547; x_wconf 62' lang='grc' dir='ltr'>ι,</span> <span class='ocrx_word' id='word_1_336' title='bbox 842 2501 1006 2547; x_wconf 59' lang='lat' dir='ltr'>commem„</span> <span class='ocrx_word' id='word_1_337' title='bbox 1022 2485 1110 2556; x_wconf 54' lang='lat' dir='ltr'>ggff,</span> <span class='ocrx_word' id='word_1_338' title='bbox 1122 2487 1156 2540; x_wconf 64' lang='lat' dir='ltr'>de</span> <span class='ocrx_word' id='word_1_339' title='bbox 1205 2477 1296 2530; x_wconf 83' lang='lat' dir='ltr'>nerali</span> <span class='ocrx_word' id='word_1_340' title='bbox 1311 2477 1466 2548; x_wconf 73' lang='lat' dir='ltr'>receptione</span> <span class='ocrx_word' id='word_1_341' title='bbox 1483 2490 1597 2529; x_wconf 82' lang='lat' dir='ltr'>casuum</span> <span class='ocrx_word' id='word_1_342' title='bbox 1604 2474 1792 2543; x_wconf 69' lang='lat' dir='ltr'>fortuitorum</span> <span class='ocrx_word' id='word_1_343' title='bbox 1815 2491 1911 2528; x_wconf 80' lang='lat' dir='ltr'>omnes</span> <span class='ocrx_word' id='word_1_344' title='bbox 1926 2475 1971 2526; x_wconf 88' lang='lat' dir='ltr'>in-</span> 
     </span>
     <span class='ocr_line' id='line_1_25' title="bbox 392 2557 1973 2651; baseline -0.001 -37"><span class='ocrx_word' id='word_1_345' title='bbox 392 2580 427 2630; x_wconf 69' lang='lat' dir='ltr'>p,</span> <span class='ocrx_word' id='word_1_346' title='bbox 442 2579 462 2628; x_wconf 64' lang='grc' dir='ltr'>Ι,</span> <span class='ocrx_word' id='word_1_347' title='bbox 479 2581 557 2633; x_wconf 60' lang='lat' dir='ltr'>pm,</span> <span class='ocrx_word' id='word_1_348' title='bbox 569 2583 643 2636; x_wconf 61' lang='lat' dir='ltr'>,nim</span> <span class='ocrx_word' id='word_1_349' title='bbox 654 2579 783 2651; x_wconf 58' lang='lat' dir='ltr'>,immopp</span> <span class='ocrx_word' id='word_1_350' title='bbox 791 2576 971 2633; x_wconf 63' lang='lat' dir='ltr'>mnmcfibu,</span> <span class='ocrx_word' id='word_1_351' title='bbox 982 2573 1075 2643; x_wconf 59' lang='lat' dir='ltr'>[egem</span> <span class='ocrx_word' id='word_1_352' title='bbox 1086 2572 1155 2626; x_wconf 63' lang='lat' dir='ltr'>daug</span> <span class='ocrx_word' id='word_1_353' title='bbox 1206 2561 1331 2616; x_wconf 80' lang='lat' dir='ltr'>distincte</span> <span class='ocrx_word' id='word_1_354' title='bbox 1349 2557 1548 2629; x_wconf 78' lang='lat' dir='ltr'>emusscnatct</span> <span class='ocrx_word' id='word_1_355' title='bbox 1558 2559 1766 2624; x_wconf 79' lang='lat' dir='ltr'>contineantur,</span> <span class='ocrx_word' id='word_1_356' title='bbox 1778 2568 1805 2612; x_wconf 89' lang='lat' dir='ltr'>et</span> <span class='ocrx_word' id='word_1_357' title='bbox 1816 2577 1911 2612; x_wconf 82' lang='lat' dir='ltr'>menon</span> <span class='ocrx_word' id='word_1_358' title='bbox 1921 2576 1973 2628; x_wconf 85' lang='lat' dir='ltr'>po·</span> 
     </span>
     <span class='ocr_line' id='line_1_26' title="bbox 394 2644 1976 2734; baseline -0.011 -21"><span class='ocrx_word' id='word_1_359' title='bbox 394 2661 420 2712; x_wconf 81' lang='lat' dir='ltr'>d.</span> <span class='ocrx_word' id='word_1_360' title='bbox 440 2664 458 2713; x_wconf 87' lang='lat' dir='ltr'>l.</span> <span class='ocrx_word' id='word_1_361' title='bbox 478 2673 520 2716; x_wconf 81' lang='lat' dir='ltr'>as.</span> <span class='ocrx_word' id='word_1_362' title='bbox 540 2675 566 2718; x_wconf 68' lang='lat' dir='ltr'>ee</span> <span class='ocrx_word' id='word_1_363' title='bbox 584 2666 603 2716; x_wconf 83' lang='lat' dir='ltr'>t.</span> <span class='ocrx_word' id='word_1_364' title='bbox 623 2677 664 2717; x_wconf 72' lang='grc' dir='ltr'>ιι.</span> <span class='ocrx_word' id='word_1_365' title='bbox 682 2681 721 2730; x_wconf 76' lang='lat' dir='ltr'>pr.</span> <span class='ocrx_word' id='word_1_366' title='bbox 732 2663 774 2734; x_wconf 77' lang='lat' dir='ltr'>ff.</span> <span class='ocrx_word' id='word_1_367' title='bbox 791 2665 825 2718; x_wconf 76' lang='lat' dir='ltr'>de</span> <span class='ocrx_word' id='word_1_368' title='bbox 842 2667 876 2716; x_wconf 83' lang='lat' dir='ltr'>V.</span> <span class='ocrx_word' id='word_1_369' title='bbox 893 2663 924 2717; x_wconf 89' lang='lat'>0.</span> <span class='ocrx_word' id='word_1_370' title='bbox 939 2664 1006 2714; x_wconf 83' lang='lat' dir='ltr'>Noc.</span> <span class='ocrx_word' id='word_1_371' title='bbox 1023 2671 1080 2710; x_wconf 84' lang='lat' dir='ltr'>saa.</span> <span class='ocrx_word' id='word_1_372' title='bbox 1094 2677 1118 2710; x_wconf 88' lang='lat' dir='ltr'>c.</span> <span class='ocrx_word' id='word_1_373' title='bbox 1133 2667 1155 2708; x_wconf 87' lang='grc' dir='ltr'>ι,</span> <span class='ocrx_word' id='word_1_374' title='bbox 1206 2651 1260 2704; x_wconf 85' lang='lat' dir='ltr'>tius</span> <span class='ocrx_word' id='word_1_375' title='bbox 1278 2650 1351 2704; x_wconf 83' lang='lat' dir='ltr'>inter</span> <span class='ocrx_word' id='word_1_376' title='bbox 1367 2650 1449 2702; x_wconf 74' lang='lat' dir='ltr'>corus</span> <span class='ocrx_word' id='word_1_377' title='bbox 1466 2646 1564 2700; x_wconf 80' lang='lat' dir='ltr'>solitos</span> <span class='ocrx_word' id='word_1_378' title='bbox 1575 2645 1818 2716; x_wconf 79' lang='lat' dir='ltr'>distinguendum?</span> <span class='ocrx_word' id='word_1_379' title='bbox 1831 2646 1904 2714; x_wconf 84' lang='lat' dir='ltr'>Quae</span> <span class='ocrx_word' id='word_1_380' title='bbox 1916 2644 1976 2712; x_wconf 83' lang='lat' dir='ltr'>ipss</span> 
     </span>
     <span class='ocr_line' id='line_1_27' title="bbox 393 2731 1975 2820; baseline -0.01 -23"><span class='ocrx_word' id='word_1_381' title='bbox 393 2745 421 2798; x_wconf 86' lang='lat' dir='ltr'>in</span> <span class='ocrx_word' id='word_1_382' title='bbox 431 2743 491 2814; x_wconf 80' lang='lat' dir='ltr'>fin.</span> <span class='ocrx_word' id='word_1_383' title='bbox 505 2747 642 2816; x_wconf 86' lang='lat' dir='ltr'>Ejusmodi</span> <span class='ocrx_word' id='word_1_384' title='bbox 655 2750 746 2820; x_wconf 86' lang='lat' dir='ltr'>itaque</span> <span class='ocrx_word' id='word_1_385' title='bbox 757 2759 866 2820; x_wconf 88' lang='lat' dir='ltr'>pactum</span> <span class='ocrx_word' id='word_1_386' title='bbox 877 2755 906 2798; x_wconf 90' lang='lat' dir='ltr'>et</span> <span class='ocrx_word' id='word_1_387' title='bbox 918 2761 964 2797; x_wconf 89' lang='lat' dir='ltr'>nos</span> <span class='ocrx_word' id='word_1_388' title='bbox 978 2744 1006 2794; x_wconf 93' lang='lat' dir='ltr'>in</span> <span class='ocrx_word' id='word_1_389' title='bbox 1021 2741 1169 2794; x_wconf 81' lang='lat' dir='ltr'>Positione·</span> <span class='ocrx_word' id='word_1_390' title='bbox 1206 2736 1325 2810; x_wconf 74' lang='lat' dir='ltr'>quaestio</span> <span class='ocrx_word' id='word_1_391' title='bbox 1344 2733 1424 2788; x_wconf 78' lang='lat' dir='ltr'>variis</span> <span class='ocrx_word' id='word_1_392' title='bbox 1442 2733 1588 2785; x_wconf 84' lang='lat' dir='ltr'>Doctorum</span> <span class='ocrx_word' id='word_1_393' title='bbox 1605 2731 1778 2801; x_wconf 76' lang='lat' dir='ltr'>opinionibus</span> <span class='ocrx_word' id='word_1_394' title='bbox 1795 2731 1859 2784; x_wconf 88' lang='lat' dir='ltr'>satis</span> <span class='ocrx_word' id='word_1_395' title='bbox 1882 2744 1975 2798; x_wconf 88' lang='lat' dir='ltr'>super·</span> 
     </span>
     <span class='ocr_line' id='line_1_28' title="bbox 393 2813 1975 2903; baseline -0.012 -18"><span class='ocrx_word' id='word_1_396' title='bbox 393 2829 442 2880; x_wconf 74' lang='lat' dir='ltr'>hac</span> <span class='ocrx_word' id='word_1_397' title='bbox 460 2833 713 2903; x_wconf 75' lang='lat' dir='ltr'>praesupponimus3</span> <span class='ocrx_word' id='word_1_398' title='bbox 734 2831 756 2884; x_wconf 87' lang='lat' dir='ltr'>si</span> <span class='ocrx_word' id='word_1_399' title='bbox 770 2834 864 2884; x_wconf 90' lang='lat' dir='ltr'>locator</span> <span class='ocrx_word' id='word_1_400' title='bbox 880 2826 988 2900; x_wconf 86' lang='lat' dir='ltr'>speciali</span> <span class='ocrx_word' id='word_1_401' title='bbox 1008 2825 1158 2878; x_wconf 73' lang='lat' dir='ltr'>maurentin-</span> <span class='ocrx_word' id='word_1_402' title='bbox 1208 2839 1259 2894; x_wconf 84' lang='lat' dir='ltr'>qne</span> <span class='ocrx_word' id='word_1_403' title='bbox 1278 2821 1420 2874; x_wconf 73' lang='grc' dir='ltr'><em>ιιοοιοιιιιι.</em></span> <span class='ocrx_word' id='word_1_404' title='bbox 1433 2818 1469 2870; x_wconf 84' lang='lat' dir='ltr'>Ut</span> <span class='ocrx_word' id='word_1_405' title='bbox 1480 2825 1566 2869; x_wconf 86' lang='lat' dir='ltr'>autem</span> <span class='ocrx_word' id='word_1_406' title='bbox 1578 2813 1693 2868; x_wconf 80' lang='lat' dir='ltr'>breviter</span> <span class='ocrx_word' id='word_1_407' title='bbox 1704 2815 1835 2878; x_wconf 83' lang='lat' dir='ltr'>dicamus,</span> <span class='ocrx_word' id='word_1_408' title='bbox 1848 2816 1919 2884; x_wconf 89' lang='lat' dir='ltr'>quod</span> <span class='ocrx_word' id='word_1_409' title='bbox 1932 2820 1975 2866; x_wconf 82' lang='lat' dir='ltr'>res</span> 
     </span>
     <span class='ocr_line' id='line_1_29' title="bbox 394 2898 1978 2984; baseline -0.009 -18"><span class='ocrx_word' id='word_1_410' title='bbox 394 2931 429 2966; x_wconf 93' lang='lat' dir='ltr'>ne</span> <span class='ocrx_word' id='word_1_411' title='bbox 447 2931 552 2968; x_wconf 86' lang='lat' dir='ltr'>casuum</span> <span class='ocrx_word' id='word_1_412' title='bbox 574 2915 740 2971; x_wconf 76' lang='lat' dir='ltr'>fortuitorum</span> <span class='ocrx_word' id='word_1_413' title='bbox 754 2914 957 2984; x_wconf 87' lang='lat' dir='ltr'>praestationem</span> <span class='ocrx_word' id='word_1_414' title='bbox 970 2911 1000 2962; x_wconf 92' lang='lat' dir='ltr'>in</span> <span class='ocrx_word' id='word_1_415' title='bbox 1013 2927 1041 2962; x_wconf 92' lang='lat' dir='ltr'>se</span> <span class='ocrx_word' id='word_1_416' title='bbox 1052 2927 1159 2981; x_wconf 88' lang='lat' dir='ltr'>recepe-</span> <span class='ocrx_word' id='word_1_417' title='bbox 1209 2915 1266 2970; x_wconf 84' lang='lat' dir='ltr'>est;</span> <span class='ocrx_word' id='word_1_418' title='bbox 1287 2905 1317 2956; x_wconf 92' lang='lat' dir='ltr'>ln</span> <span class='ocrx_word' id='word_1_419' title='bbox 1336 2913 1433 2973; x_wconf 91' lang='lat' dir='ltr'>puncto</span> <span class='ocrx_word' id='word_1_420' title='bbox 1444 2899 1655 2969; x_wconf 68' lang='lat' dir='ltr'>inclamatorem</span> <span class='ocrx_word' id='word_1_421' title='bbox 1670 2898 1855 2952; x_wconf 83' lang='lat' dir='ltr'>existimemus</span> <span class='ocrx_word' id='word_1_422' title='bbox 1873 2910 1978 2952; x_wconf 89' lang='lat' dir='ltr'>seuten-</span> 
     </span>
     <span class='ocr_line' id='line_1_30' title="bbox 394 2981 1978 3065; baseline -0.006 -19"><span class='ocrx_word' id='word_1_423' title='bbox 394 2996 447 3059; x_wconf 87' lang='lat' dir='ltr'>rit,</span> <span class='ocrx_word' id='word_1_424' title='bbox 466 3015 516 3064; x_wconf 85' lang='lat' dir='ltr'>qna</span> <span class='ocrx_word' id='word_1_425' title='bbox 530 2998 634 3052; x_wconf 87' lang='lat' dir='ltr'>ratione</span> <span class='ocrx_word' id='word_1_426' title='bbox 643 2997 675 3050; x_wconf 87' lang='lat' dir='ltr'>ad</span> <span class='ocrx_word' id='word_1_427' title='bbox 688 2995 843 3050; x_wconf 86' lang='lat' dir='ltr'>incendium</span> <span class='ocrx_word' id='word_1_428' title='bbox 857 2995 958 3046; x_wconf 85' lang='lat' dir='ltr'>casuale</span> <span class='ocrx_word' id='word_1_429' title='bbox 971 2992 1159 3065; x_wconf 82' lang='lat' dir='ltr'>praestandum</span> <span class='ocrx_word' id='word_1_430' title='bbox 1212 2991 1294 3055; x_wconf 87' lang='lat' dir='ltr'>tiam,</span> <span class='ocrx_word' id='word_1_431' title='bbox 1313 2989 1361 3040; x_wconf 89' lang='lat' dir='ltr'>sub</span> <span class='ocrx_word' id='word_1_432' title='bbox 1379 2987 1427 3038; x_wconf 87' lang='lat' dir='ltr'>bac</span> <span class='ocrx_word' id='word_1_433' title='bbox 1445 2983 1562 3054; x_wconf 83' lang='lat' dir='ltr'>generali</span> <span class='ocrx_word' id='word_1_434' title='bbox 1579 2983 1729 3050; x_wconf 79' lang='lat' dir='ltr'>receptione</span> <span class='ocrx_word' id='word_1_435' title='bbox 1743 2997 1848 3034; x_wconf 71' lang='lat' dir='ltr'>menum</span> <span class='ocrx_word' id='word_1_436' title='bbox 1863 2981 1978 3036; x_wconf 74' lang='lat' dir='ltr'>fortuito-</span> 
     </span>
     <span class='ocr_line' id='line_1_31' title="bbox 396 3065 1977 3150; baseline -0.003 -22"><span class='ocrx_word' id='word_1_437' title='bbox 396 3077 489 3146; x_wconf 91' lang='lat' dir='ltr'>utique</span> <span class='ocrx_word' id='word_1_438' title='bbox 505 3079 558 3132; x_wconf 91' lang='lat' dir='ltr'>erit</span> <span class='ocrx_word' id='word_1_439' title='bbox 575 3079 715 3150; x_wconf 80' lang='lat' dir='ltr'>obligatus,</span> <span class='ocrx_word' id='word_1_440' title='bbox 1211 3093 1288 3136; x_wconf 72' lang='lat' dir='ltr'>rrum,</span> <span class='ocrx_word' id='word_1_441' title='bbox 1302 3074 1346 3125; x_wconf 89' lang='lat' dir='ltr'>Er</span> <span class='ocrx_word' id='word_1_442' title='bbox 1361 3071 1439 3125; x_wconf 79' lang='lat' dir='ltr'>molle</span> <span class='ocrx_word' id='word_1_443' title='bbox 1457 3070 1511 3122; x_wconf 83' lang='lat' dir='ltr'>olle</span> <span class='ocrx_word' id='word_1_444' title='bbox 1529 3069 1586 3122; x_wconf 81' lang='lat' dir='ltr'>und</span> <span class='ocrx_word' id='word_1_445' title='bbox 1596 3065 1660 3136; x_wconf 78' lang='lat' dir='ltr'>jede</span> <span class='ocrx_word' id='word_1_446' title='bbox 1679 3067 1787 3136; x_wconf 75' lang='lat' dir='ltr'>Gefialer</span> <span class='ocrx_word' id='word_1_447' title='bbox 1796 3067 1856 3120; x_wconf 81' lang='lat' dir='ltr'>und</span> <span class='ocrx_word' id='word_1_448' title='bbox 1865 3067 1911 3121; x_wconf 78' lang='lat' dir='ltr'>elie</span> <span class='ocrx_word' id='word_1_449' title='bbox 1921 3070 1977 3124; x_wconf 80' lang='lat' dir='ltr'>Ca·</span> 
     </span>
     <span class='ocr_line' id='line_1_32' title="bbox 434 3153 1979 3234; baseline -0.003 -22"><span class='ocrx_word' id='word_1_450' title='bbox 434 3160 487 3213; x_wconf 81' lang='lat' dir='ltr'>Sed</span> <span class='ocrx_word' id='word_1_451' title='bbox 506 3161 570 3214; x_wconf 90' lang='lat' dir='ltr'>inde</span> <span class='ocrx_word' id='word_1_452' title='bbox 588 3163 638 3216; x_wconf 93' lang='lat' dir='ltr'>hoc</span> <span class='ocrx_word' id='word_1_453' title='bbox 658 3164 747 3234; x_wconf 87' lang='lat' dir='ltr'>primo</span> <span class='ocrx_word' id='word_1_454' title='bbox 765 3161 901 3214; x_wconf 76' lang='lat' dir='ltr'>suboritur</span> <span class='ocrx_word' id='word_1_455' title='bbox 917 3161 1042 3222; x_wconf 65' lang='lat' dir='ltr'>dubiusne</span> <span class='ocrx_word' id='word_1_456' title='bbox 1056 3162 1103 3213; x_wconf 86' lang='lat' dir='ltr'>An</span> <span class='ocrx_word' id='word_1_457' title='bbox 1115 3179 1161 3230; x_wconf 77' lang='lat' dir='ltr'>ge·</span> <span class='ocrx_word' id='word_1_458' title='bbox 1211 3176 1259 3212; x_wconf 71' lang='lat' dir='ltr'>erce</span> <span class='ocrx_word' id='word_1_459' title='bbox 1266 3155 1405 3226; x_wconf 77' lang='lat' dir='ltr'>fortuitos</span> <span class='ocrx_word' id='word_1_460' title='bbox 1423 3153 1483 3224; x_wconf 73' lang='lat' dir='ltr'>aras</span> <span class='ocrx_word' id='word_1_461' title='bbox 1491 3154 1550 3208; x_wconf 75' lang='lat' dir='ltr'>sicle</span> <span class='ocrx_word' id='word_1_462' title='bbox 1569 3153 1698 3216; x_wconf 80' lang='lat' dir='ltr'>neimen,</span> <span class='ocrx_word' id='word_1_463' title='bbox 1716 3153 1795 3206; x_wconf 86' lang='lat' dir='ltr'>etiam</span> <span class='ocrx_word' id='word_1_464' title='bbox 1813 3168 1888 3206; x_wconf 87' lang='lat' dir='ltr'>eusus</span> <span class='ocrx_word' id='word_1_465' title='bbox 1904 3155 1979 3207; x_wconf 91' lang='lat' dir='ltr'>inso-</span> 
     </span>
     <span class='ocr_line' id='line_1_33' title="bbox 399 3235 1978 3317; baseline -0.003 -22"><span class='ocrx_word' id='word_1_466' title='bbox 399 3246 502 3298; x_wconf 82' lang='lat' dir='ltr'>nerulis</span> <span class='ocrx_word' id='word_1_467' title='bbox 518 3247 636 3316; x_wconf 80' lang='lat' dir='ltr'>receptio</span> <span class='ocrx_word' id='word_1_468' title='bbox 647 3246 775 3317; x_wconf 86' lang='lat' dir='ltr'>periculi,</span> <span class='ocrx_word' id='word_1_469' title='bbox 793 3246 849 3299; x_wconf 87' lang='lat' dir='ltr'>sive</span> <span class='ocrx_word' id='word_1_470' title='bbox 860 3261 971 3300; x_wconf 68' lang='lat' dir='ltr'>omnum</span> <span class='ocrx_word' id='word_1_471' title='bbox 975 3243 1161 3314; x_wconf 76' lang='lat' dir='ltr'>sancitorum</span> <span class='ocrx_word' id='word_1_472' title='bbox 1211 3244 1271 3298; x_wconf 88' lang='lat' dir='ltr'>litos</span> <span class='ocrx_word' id='word_1_473' title='bbox 1289 3239 1434 3302; x_wconf 86' lang='lat' dir='ltr'>contineri,</span> <span class='ocrx_word' id='word_1_474' title='bbox 1454 3250 1478 3292; x_wconf 88' lang='lat' dir='ltr'>et</span> <span class='ocrx_word' id='word_1_475' title='bbox 1495 3241 1534 3290; x_wconf 90' lang='lat' dir='ltr'>sie</span> <span class='ocrx_word' id='word_1_476' title='bbox 1550 3237 1675 3290; x_wconf 87' lang='lat' dir='ltr'>eumdem</span> <span class='ocrx_word' id='word_1_477' title='bbox 1694 3235 1726 3289; x_wconf 88' lang='lat' dir='ltr'>ad</span> <span class='ocrx_word' id='word_1_478' title='bbox 1745 3236 1871 3290; x_wconf 86' lang='lat' dir='ltr'>damnum</span> <span class='ocrx_word' id='word_1_479' title='bbox 1885 3237 1978 3290; x_wconf 89' lang='lat' dir='ltr'>incen-</span> 
     </span>
     <span class='ocr_line' id='line_1_34' title="bbox 395 3323 1980 3400; baseline -0.004 -18"><span class='ocrx_word' id='word_1_480' title='bbox 395 3325 535 3398; x_wconf 79' lang='lat' dir='ltr'>tusflciot,</span> <span class='ocrx_word' id='word_1_481' title='bbox 549 3328 1161 3400; x_wconf 78' lang='lat' dir='ltr'>utetiampotteodeincendiocosusudorto</span> <span class='ocrx_word' id='word_1_482' title='bbox 1210 3329 1258 3382; x_wconf 89' lang='lat' dir='ltr'>dio</span> <span class='ocrx_word' id='word_1_483' title='bbox 1276 3329 1365 3381; x_wconf 86' lang='lat' dir='ltr'>datum</span> <span class='ocrx_word' id='word_1_484' title='bbox 1392 3325 1584 3380; x_wconf 88' lang='lat' dir='ltr'>restituendum</span> <span class='ocrx_word' id='word_1_485' title='bbox 1607 3339 1666 3376; x_wconf 88' lang='lat' dir='ltr'>esse</span> <span class='ocrx_word' id='word_1_486' title='bbox 1682 3323 1844 3392; x_wconf 82' lang='lat' dir='ltr'>obligatum,</span> <span class='ocrx_word' id='word_1_487' title='bbox 1871 3324 1927 3378; x_wconf 84' lang='lat' dir='ltr'>sire</span> <span class='ocrx_word' id='word_1_488' title='bbox 1950 3325 1980 3376; x_wconf 90' lang='lat' dir='ltr'>id</span> 
     </span>
     <span class='ocr_line' id='line_1_35' title="bbox 399 3407 1982 3486; baseline -0.001 -22"><span class='ocrx_word' id='word_1_489' title='bbox 399 3412 460 3483; x_wconf 78' lang='lat' dir='ltr'>prais</span> <span class='ocrx_word' id='word_1_490' title='bbox 477 3416 622 3469; x_wconf 84' lang='lat' dir='ltr'>teneatur?</span> <span class='ocrx_word' id='word_1_491' title='bbox 646 3415 724 3468; x_wconf 82' lang='lat' dir='ltr'>ilatio</span> <span class='ocrx_word' id='word_1_492' title='bbox 742 3414 882 3468; x_wconf 88' lang='lat' dir='ltr'>dubitandi</span> <span class='ocrx_word' id='word_1_493' title='bbox 907 3416 970 3468; x_wconf 91' lang='lat' dir='ltr'>inde</span> <span class='ocrx_word' id='word_1_494' title='bbox 993 3416 1162 3486; x_wconf 83' lang='lat' dir='ltr'>potissimum</span> <span class='ocrx_word' id='word_1_495' title='bbox 1213 3411 1326 3465; x_wconf 86' lang='lat' dir='ltr'>hostiurn</span> <span class='ocrx_word' id='word_1_496' title='bbox 1346 3410 1468 3473; x_wconf 88' lang='lat' dir='ltr'>incursu,</span> <span class='ocrx_word' id='word_1_497' title='bbox 1487 3409 1543 3462; x_wconf 83' lang='lat' dir='ltr'>sire</span> <span class='ocrx_word' id='word_1_498' title='bbox 1562 3409 1586 3462; x_wconf 81' lang='lat' dir='ltr'>ri</span> <span class='ocrx_word' id='word_1_499' title='bbox 1598 3407 1736 3470; x_wconf 79' lang='lat' dir='ltr'>fulminis,</span> <span class='ocrx_word' id='word_1_500' title='bbox 1752 3407 1806 3463; x_wconf 84' lang='lat' dir='ltr'>sire</span> <span class='ocrx_word' id='word_1_501' title='bbox 1818 3426 1982 3482; x_wconf 61' lang='lat' dir='ltr'>maremque</span> 
     </span>
     <span class='ocr_line' id='line_1_36' title="bbox 400 3493 1977 3569; baseline -0.001 -18"><span class='ocrx_word' id='word_1_502' title='bbox 400 3509 500 3567; x_wconf 87' lang='lat' dir='ltr'>poterat</span> <span class='ocrx_word' id='word_1_503' title='bbox 518 3499 652 3569; x_wconf 86' lang='lat' dir='ltr'>depromi,</span> <span class='ocrx_word' id='word_1_504' title='bbox 671 3501 733 3569; x_wconf 91' lang='lat' dir='ltr'>quia</span> <span class='ocrx_word' id='word_1_505' title='bbox 752 3499 912 3552; x_wconf 83' lang='lat' dir='ltr'>incendium</span> <span class='ocrx_word' id='word_1_506' title='bbox 932 3501 1035 3554; x_wconf 84' lang='lat' dir='ltr'>casuale</span> <span class='ocrx_word' id='word_1_507' title='bbox 1056 3499 1162 3552; x_wconf 81' lang='lat' dir='ltr'>exorbi·</span> <span class='ocrx_word' id='word_1_508' title='bbox 1212 3497 1263 3552; x_wconf 82' lang='lat' dir='ltr'>alia</span> <span class='ocrx_word' id='word_1_509' title='bbox 1282 3497 1384 3550; x_wconf 90' lang='lat' dir='ltr'>ratione</span> <span class='ocrx_word' id='word_1_510' title='bbox 1401 3495 1492 3548; x_wconf 88' lang='lat' dir='ltr'>datum</span> <span class='ocrx_word' id='word_1_511' title='bbox 1512 3495 1560 3558; x_wconf 74' lang='lat' dir='ltr'>sin</span> <span class='ocrx_word' id='word_1_512' title='bbox 1575 3493 1642 3547; x_wconf 82' lang='lat' dir='ltr'>Nem</span> <span class='ocrx_word' id='word_1_513' title='bbox 1655 3493 1705 3546; x_wconf 89' lang='lat' dir='ltr'>sub</span> <span class='ocrx_word' id='word_1_514' title='bbox 1718 3512 1779 3548; x_wconf 87' lang='lat' dir='ltr'>casn</span> <span class='ocrx_word' id='word_1_515' title='bbox 1791 3495 1895 3551; x_wconf 78' lang='lat' dir='ltr'>lostuito</span> <span class='ocrx_word' id='word_1_516' title='bbox 1903 3515 1977 3552; x_wconf 86' lang='lat' dir='ltr'>corn·</span> 
     </span>
     <span class='ocr_line' id='line_1_37' title="bbox 397 3579 1981 3653; baseline 0.004 -23"><span class='ocrx_word' id='word_1_517' title='bbox 397 3589 459 3634; x_wconf 86' lang='lat' dir='ltr'>tans</span> <span class='ocrx_word' id='word_1_518' title='bbox 478 3593 531 3645; x_wconf 89' lang='lat' dir='ltr'>est,</span> <span class='ocrx_word' id='word_1_519' title='bbox 553 3591 582 3634; x_wconf 88' lang='lat' dir='ltr'>ut</span> <span class='ocrx_word' id='word_1_520' title='bbox 600 3583 664 3636; x_wconf 89' lang='lat' dir='ltr'>binc</span> <span class='ocrx_word' id='word_1_521' title='bbox 681 3582 714 3634; x_wconf 90' lang='lat' dir='ltr'>de</span> <span class='ocrx_word' id='word_1_522' title='bbox 732 3601 763 3635; x_wconf 87' lang='lat' dir='ltr'>eo</span> <span class='ocrx_word' id='word_1_523' title='bbox 781 3582 910 3651; x_wconf 74' lang='lat' dir='ltr'>cogitasse</span> <span class='ocrx_word' id='word_1_524' title='bbox 934 3603 988 3637; x_wconf 92' lang='lat' dir='ltr'>non</span> <span class='ocrx_word' id='word_1_525' title='bbox 1007 3601 1161 3653; x_wconf 87' lang='lat' dir='ltr'>praesuma·</span> <span class='ocrx_word' id='word_1_526' title='bbox 1213 3579 1386 3650; x_wconf 87' lang='lat' dir='ltr'>prehenditur</span> <span class='ocrx_word' id='word_1_527' title='bbox 1404 3579 1483 3632; x_wconf 86' lang='lat' dir='ltr'>etiam</span> <span class='ocrx_word' id='word_1_528' title='bbox 1501 3579 1628 3632; x_wconf 91' lang='lat' dir='ltr'>insolitus</span> <span class='ocrx_word' id='word_1_529' title='bbox 1651 3594 1725 3630; x_wconf 79' lang='lat' dir='ltr'>mans</span> <span class='ocrx_word' id='word_1_530' title='bbox 1750 3595 1804 3634; x_wconf 89' lang='lat' dir='ltr'>non</span> <span class='ocrx_word' id='word_1_531' title='bbox 1825 3585 1981 3638; x_wconf 77' lang='lat' dir='ltr'>extensione</span> 
     </span>
     <span class='ocr_line' id='line_1_38' title="bbox 397 3663 2059 3737; baseline 0.002 -21"><span class='ocrx_word' id='word_1_532' title='bbox 397 3676 445 3716; x_wconf 89' lang='lat' dir='ltr'>tur</span> <span class='ocrx_word' id='word_1_533' title='bbox 469 3666 603 3736; x_wconf 88' lang='lat' dir='ltr'>recipiens</span> <span class='ocrx_word' id='word_1_534' title='bbox 628 3666 790 3737; x_wconf 88' lang='lat' dir='ltr'>periculum,</span> <span class='ocrx_word' id='word_1_535' title='bbox 814 3676 840 3719; x_wconf 91' lang='lat' dir='ltr'>et</span> <span class='ocrx_word' id='word_1_536' title='bbox 864 3667 956 3720; x_wconf 75' lang='lat' dir='ltr'>sicud</span> <span class='ocrx_word' id='word_1_537' title='bbox 978 3667 1104 3720; x_wconf 80' lang='lat' dir='ltr'>damnssm</span> <span class='ocrx_word' id='word_1_538' title='bbox 1124 3668 1161 3719; x_wconf 87' lang='lat' dir='ltr'>ita</span> <span class='ocrx_word' id='word_1_539' title='bbox 1213 3666 1298 3735; x_wconf 83' lang='lat' dir='ltr'>aliqua</span> <span class='ocrx_word' id='word_1_540' title='bbox 1318 3663 1409 3726; x_wconf 81' lang='lat' dir='ltr'>verbi,</span> <span class='ocrx_word' id='word_1_541' title='bbox 1428 3663 1474 3715; x_wconf 89' lang='lat' dir='ltr'>sed</span> <span class='ocrx_word' id='word_1_542' title='bbox 1494 3663 1579 3734; x_wconf 82' lang='lat' dir='ltr'>magis</span> <span class='ocrx_word' id='word_1_543' title='bbox 1596 3663 1853 3734; x_wconf 82' lang='lat' dir='ltr'>proprietate‚quod</span> <span class='ocrx_word' id='word_1_544' title='bbox 1869 3665 1979 3721; x_wconf 76' lang='lat' dir='ltr'>fortuita</span> <span class='ocrx_word' id='word_1_545' title='bbox 2056 3671 2059 3678; x_wconf 88' lang='lat'>&#39;</span> 
     </span>
     <span class='ocr_line' id='line_1_39' title="bbox 400 3748 1978 3818; baseline 0.004 -21"><span class='ocrx_word' id='word_1_546' title='bbox 400 3749 490 3800; x_wconf 87' lang='lat' dir='ltr'>datum</span> <span class='ocrx_word' id='word_1_547' title='bbox 519 3749 715 3803; x_wconf 86' lang='lat' dir='ltr'>resarciendum</span> <span class='ocrx_word' id='word_1_548' title='bbox 741 3767 770 3803; x_wconf 87' lang='lat' dir='ltr'>se</span> <span class='ocrx_word' id='word_1_549' title='bbox 793 3750 924 3818; x_wconf 73' lang='lat' dir='ltr'>obligasse</span> <span class='ocrx_word' id='word_1_550' title='bbox 946 3769 1001 3804; x_wconf 90' lang='lat' dir='ltr'>nou</span> <span class='ocrx_word' id='word_1_551' title='bbox 1025 3750 1163 3806; x_wconf 82' lang='lat' dir='ltr'>rideatur.</span> <span class='ocrx_word' id='word_1_552' title='bbox 1213 3767 1242 3802; x_wconf 85' lang='lat' dir='ltr'>ea</span> <span class='ocrx_word' id='word_1_553' title='bbox 1261 3751 1331 3812; x_wconf 90' lang='lat' dir='ltr'>sint,</span> <span class='ocrx_word' id='word_1_554' title='bbox 1347 3765 1413 3818; x_wconf 87' lang='lat' dir='ltr'>quae</span> <span class='ocrx_word' id='word_1_555' title='bbox 1429 3757 1535 3817; x_wconf 88' lang='lat' dir='ltr'>praeter</span> <span class='ocrx_word' id='word_1_556' title='bbox 1551 3748 1660 3801; x_wconf 90' lang='lat' dir='ltr'>solitum</span> <span class='ocrx_word' id='word_1_557' title='bbox 1670 3757 1697 3801; x_wconf 90' lang='lat' dir='ltr'>et</span> <span class='ocrx_word' id='word_1_558' title='bbox 1710 3751 1917 3818; x_wconf 79' lang='lat' dir='ltr'>expectationem</span> <span class='ocrx_word' id='word_1_559' title='bbox 1929 3771 1978 3806; x_wconf 90' lang='lat' dir='ltr'>no-</span> 
     </span>
     <span class='ocr_line' id='line_1_40' title="bbox 400 3833 1981 3907; baseline 0.003 -23"><span class='ocrx_word' id='word_1_560' title='bbox 400 3833 513 3902; x_wconf 84' lang='lat' dir='ltr'>lnsnper</span> <span class='ocrx_word' id='word_1_561' title='bbox 544 3833 573 3885; x_wconf 91' lang='lat' dir='ltr'>in</span> <span class='ocrx_word' id='word_1_562' title='bbox 604 3835 720 3903; x_wconf 83' lang='lat' dir='ltr'>generali</span> <span class='ocrx_word' id='word_1_563' title='bbox 748 3835 925 3904; x_wconf 83' lang='lat' dir='ltr'>promissione</span> <span class='ocrx_word' id='word_1_564' title='bbox 959 3853 1013 3891; x_wconf 79' lang='grc' dir='ltr'><em>ιιοιι</em></span> <span class='ocrx_word' id='word_1_565' title='bbox 1051 3837 1164 3889; x_wconf 83' lang='lat' dir='ltr'>veniunt</span> <span class='ocrx_word' id='word_1_566' title='bbox 1215 3845 1296 3886; x_wconf 82' lang='lat' dir='ltr'>stram</span> <span class='ocrx_word' id='word_1_567' title='bbox 1309 3833 1427 3886; x_wconf 86' lang='lat' dir='ltr'>accidere</span> <span class='ocrx_word' id='word_1_568' title='bbox 1437 3843 1642 3896; x_wconf 84' lang='lat' dir='ltr'>consueverunt,</span> <span class='ocrx_word' id='word_1_569' title='bbox 1656 3843 1716 3886; x_wconf 90' lang='lat' dir='ltr'>sunt</span> <span class='ocrx_word' id='word_1_570' title='bbox 1727 3833 1804 3886; x_wconf 84' lang='lat' dir='ltr'>rerba</span> <span class='ocrx_word' id='word_1_571' title='bbox 1820 3835 1873 3886; x_wconf 81' lang='lat' dir='ltr'>Dn.</span> <span class='ocrx_word' id='word_1_572' title='bbox 1888 3835 1981 3907; x_wconf 80' lang='lat' dir='ltr'>Carpe.</span> 
     </span>
     <span class='ocr_line' id='line_1_41' title="bbox 403 3917 1981 3988; baseline -0.001 -16"><span class='ocrx_word' id='word_1_573' title='bbox 403 3939 456 3983; x_wconf 89' lang='lat' dir='ltr'>ea,</span> <span class='ocrx_word' id='word_1_574' title='bbox 483 3935 549 3988; x_wconf 83' lang='lat' dir='ltr'>quae</span> <span class='ocrx_word' id='word_1_575' title='bbox 573 3919 634 3988; x_wconf 89' lang='lat' dir='ltr'>quis</span> <span class='ocrx_word' id='word_1_576' title='bbox 659 3918 813 3988; x_wconf 73' lang='lat' dir='ltr'>specialiter</span> <span class='ocrx_word' id='word_1_577' title='bbox 838 3937 890 3971; x_wconf 92' lang='lat' dir='ltr'>non</span> <span class='ocrx_word' id='word_1_578' title='bbox 918 3919 1011 3972; x_wconf 84' lang='lat' dir='ltr'>luisset</span> <span class='ocrx_word' id='word_1_579' title='bbox 1031 3935 1166 3972; x_wconf 85' lang='lat' dir='ltr'>concessu·</span> <span class='ocrx_word' id='word_1_580' title='bbox 1217 3917 1340 3988; x_wconf 82' lang='lat' dir='ltr'>Jnrispr.</span> <span class='ocrx_word' id='word_1_581' title='bbox 1362 3919 1477 3969; x_wconf 81' lang='lat' dir='ltr'>Forens.</span> <span class='ocrx_word' id='word_1_582' title='bbox 1496 3921 1577 3970; x_wconf 85' lang='lat' dir='ltr'>Part.</span> <span class='ocrx_word' id='word_1_583' title='bbox 1599 3927 1623 3966; x_wconf 89' lang='grc'><strong>2.</strong></span> <span class='ocrx_word' id='word_1_584' title='bbox 1644 3928 1730 3968; x_wconf 85' lang='lat' dir='ltr'>const.</span> <span class='ocrx_word' id='word_1_585' title='bbox 1751 3917 1896 3988; x_wconf 57' lang='lat' dir='ltr'>reddit.</span> <span class='ocrx_word' id='word_1_586' title='bbox 1912 3938 1940 3973; x_wconf 85' lang='grc' dir='ltr'>ιι.</span> <span class='ocrx_word' id='word_1_587' title='bbox 1956 3935 1981 3974; x_wconf 85' lang='lat' dir='ltr'>s.</span> 
     </span>
     <span class='ocr_line' id='line_1_42' title="bbox 403 4000 1982 4074; baseline 0.001 -20"><span class='ocrx_word' id='word_1_588' title='bbox 403 4021 458 4054; x_wconf 90' lang='lat' dir='ltr'>rus.</span> <span class='ocrx_word' id='word_1_589' title='bbox 480 4003 498 4052; x_wconf 87' lang='lat'>1.</span> <span class='ocrx_word' id='word_1_590' title='bbox 527 4014 551 4053; x_wconf 81' lang='grc' dir='ltr'>ο.</span> <span class='ocrx_word' id='word_1_591' title='bbox 567 4001 611 4069; x_wconf 83' lang='lat' dir='ltr'>ff.</span> <span class='ocrx_word' id='word_1_592' title='bbox 634 4005 668 4056; x_wconf 85' lang='lat' dir='ltr'>de</span> <span class='ocrx_word' id='word_1_593' title='bbox 685 4002 794 4072; x_wconf 76' lang='lat' dir='ltr'>pignor.</span> <span class='ocrx_word' id='word_1_594' title='bbox 814 4002 873 4055; x_wconf 78' lang='lat' dir='ltr'>lino</span> <span class='ocrx_word' id='word_1_595' title='bbox 894 4003 922 4054; x_wconf 94' lang='lat' dir='ltr'>in</span> <span class='ocrx_word' id='word_1_596' title='bbox 944 4003 1070 4056; x_wconf 85' lang='lat' dir='ltr'>terminis</span> <span class='ocrx_word' id='word_1_597' title='bbox 1089 4003 1165 4055; x_wconf 88' lang='lat' dir='ltr'>litem</span> <span class='ocrx_word' id='word_1_598' title='bbox 1215 4021 1282 4074; x_wconf 85' lang='lat' dir='ltr'>quae</span> <span class='ocrx_word' id='word_1_599' title='bbox 1301 4001 1427 4054; x_wconf 74' lang='lat' dir='ltr'>habetes</span> <span class='ocrx_word' id='word_1_600' title='bbox 1448 4000 1577 4053; x_wconf 77' lang='lat' dir='ltr'>Bacclacr.</span> <span class='ocrx_word' id='word_1_601' title='bbox 1596 4000 1635 4054; x_wconf 83' lang='lat' dir='ltr'>nd</span> <span class='ocrx_word' id='word_1_602' title='bbox 1651 4001 1781 4053; x_wconf 87' lang='lat' dir='ltr'>Treutler.</span> <span class='ocrx_word' id='word_1_603' title='bbox 1800 4003 1857 4054; x_wconf 85' lang='lat' dir='ltr'>vol.</span> <span class='ocrx_word' id='word_1_604' title='bbox 1879 4003 1982 4072; x_wconf 69' lang='lat' dir='ltr'>adin.</span> 
     </span>
     <span class='ocr_line' id='line_1_43' title="bbox 402 4084 1981 4158; baseline 0.003 -20"><span class='ocrx_word' id='word_1_605' title='bbox 402 4087 530 4139; x_wconf 87' lang='lat' dir='ltr'>dirimere</span> <span class='ocrx_word' id='word_1_606' title='bbox 549 4084 667 4149; x_wconf 85' lang='lat' dir='ltr'>ridetur,</span> <span class='ocrx_word' id='word_1_607' title='bbox 686 4087 704 4142; x_wconf 87' lang='grc' dir='ltr'>ι.</span> <span class='ocrx_word' id='word_1_608' title='bbox 725 4097 765 4138; x_wconf 83' lang='grc'><strong>22.</strong></span> <span class='ocrx_word' id='word_1_609' title='bbox 788 4087 818 4139; x_wconf 88' lang='lat' dir='ltr'>C.</span> <span class='ocrx_word' id='word_1_610' title='bbox 838 4086 970 4156; x_wconf 75' lang='lat' dir='ltr'>denegnt.</span> <span class='ocrx_word' id='word_1_611' title='bbox 983 4095 1048 4158; x_wconf 77' lang='lat' dir='ltr'>gest.</span> <span class='ocrx_word' id='word_1_612' title='bbox 1062 4086 1108 4139; x_wconf 91' lang='lat' dir='ltr'>ubi</span> <span class='ocrx_word' id='word_1_613' title='bbox 1121 4103 1167 4139; x_wconf 85' lang='lat' dir='ltr'>ex·</span> <span class='ocrx_word' id='word_1_614' title='bbox 1219 4100 1262 4140; x_wconf 82' lang='lat' dir='ltr'>ts.</span> <span class='ocrx_word' id='word_1_615' title='bbox 1280 4089 1318 4141; x_wconf 84' lang='grc' dir='ltr'><em>ιΙι.</em></span> <span class='ocrx_word' id='word_1_616' title='bbox 1339 4099 1363 4140; x_wconf 77' lang='lat' dir='ltr'>t.</span> <span class='ocrx_word' id='word_1_617' title='bbox 1383 4086 1421 4138; x_wconf 85' lang='lat' dir='ltr'>lit.</span> <span class='ocrx_word' id='word_1_618' title='bbox 1442 4089 1479 4140; x_wconf 88' lang='grc' dir='ltr'>ΙΙ.</span> <span class='ocrx_word' id='word_1_619' title='bbox 1498 4085 1533 4136; x_wconf 87' lang='lat' dir='ltr'>Et</span> <span class='ocrx_word' id='word_1_620' title='bbox 1551 4093 1650 4154; x_wconf 86' lang='lat' dir='ltr'>pugnat</span> <span class='ocrx_word' id='word_1_621' title='bbox 1661 4101 1711 4154; x_wconf 89' lang='lat' dir='ltr'>pro</span> <span class='ocrx_word' id='word_1_622' title='bbox 1724 4084 1771 4138; x_wconf 88' lang='lat' dir='ltr'>hac</span> <span class='ocrx_word' id='word_1_623' title='bbox 1783 4085 1912 4155; x_wconf 90' lang='lat' dir='ltr'>opinione</span> <span class='ocrx_word' id='word_1_624' title='bbox 1925 4090 1942 4139; x_wconf 87' lang='lat' dir='ltr'>t.</span> <span class='ocrx_word' id='word_1_625' title='bbox 1957 4101 1981 4143; x_wconf 80' lang='lat' dir='ltr'>s.</span> 
     </span>
     <span class='ocr_line' id='line_1_44' title="bbox 403 4168 1984 4241; baseline 0.001 -19"><span class='ocrx_word' id='word_1_626' title='bbox 403 4187 493 4241; x_wconf 84' lang='lat' dir='ltr'>presse</span> <span class='ocrx_word' id='word_1_627' title='bbox 512 4169 630 4235; x_wconf 88' lang='lat' dir='ltr'>dicitnr,</span> <span class='ocrx_word' id='word_1_628' title='bbox 646 4169 716 4240; x_wconf 91' lang='lat' dir='ltr'>quod</span> <span class='ocrx_word' id='word_1_629' title='bbox 736 4169 900 4239; x_wconf 86' lang='lat' dir='ltr'>negotiorum</span> <span class='ocrx_word' id='word_1_630' title='bbox 921 4184 1006 4240; x_wconf 86' lang='lat' dir='ltr'>gestor</span> <span class='ocrx_word' id='word_1_631' title='bbox 1028 4171 1061 4223; x_wconf 88' lang='grc' dir='ltr'><em>ιιιι</em></span> <span class='ocrx_word' id='word_1_632' title='bbox 1079 4187 1168 4222; x_wconf 88' lang='lat' dir='ltr'>casum</span> <span class='ocrx_word' id='word_1_633' title='bbox 1216 4187 1257 4238; x_wconf 81' lang='lat' dir='ltr'>pr.</span> <span class='ocrx_word' id='word_1_634' title='bbox 1275 4183 1303 4227; x_wconf 88' lang='lat' dir='ltr'>et</span> <span class='ocrx_word' id='word_1_635' title='bbox 1319 4178 1341 4234; x_wconf 75' lang='grc' dir='ltr'><strong>ς.</strong></span> <span class='ocrx_word' id='word_1_636' title='bbox 1362 4183 1386 4222; x_wconf 91' lang='grc'><strong>2.</strong></span> <span class='ocrx_word' id='word_1_637' title='bbox 1396 4169 1438 4238; x_wconf 79' lang='lat' dir='ltr'><em>ffi</em></span> <span class='ocrx_word' id='word_1_638' title='bbox 1456 4170 1538 4224; x_wconf 86' lang='lat' dir='ltr'>locat.</span> <span class='ocrx_word' id='word_1_639' title='bbox 1552 4169 1597 4222; x_wconf 85' lang='grc' dir='ltr'><em>ιιιιι</em></span> <span class='ocrx_word' id='word_1_640' title='bbox 1607 4169 1668 4222; x_wconf 87' lang='lat' dir='ltr'>talis</span> <span class='ocrx_word' id='word_1_641' title='bbox 1681 4169 1768 4241; x_wconf 86' lang='lat' dir='ltr'>pactio</span> <span class='ocrx_word' id='word_1_642' title='bbox 1781 4168 1814 4221; x_wconf 87' lang='lat' dir='ltr'>de</span> <span class='ocrx_word' id='word_1_643' title='bbox 1828 4171 1984 4240; x_wconf 87' lang='lat' dir='ltr'>praestando</span> 
     </span>
     <span class='ocr_line' id='line_1_45' title="bbox 405 4253 1981 4326; baseline 0.001 -22"><span class='ocrx_word' id='word_1_644' title='bbox 405 4254 546 4307; x_wconf 80' lang='lat' dir='ltr'>fortuitum</span> <span class='ocrx_word' id='word_1_645' title='bbox 565 4253 751 4326; x_wconf 88' lang='lat' dir='ltr'>praestandum</span> <span class='ocrx_word' id='word_1_646' title='bbox 764 4274 817 4309; x_wconf 89' lang='lat' dir='ltr'>non</span> <span class='ocrx_word' id='word_1_647' title='bbox 837 4256 1026 4326; x_wconf 86' lang='lat' dir='ltr'>compellatur,</span> <span class='ocrx_word' id='word_1_648' title='bbox 1041 4255 1097 4307; x_wconf 89' lang='lat' dir='ltr'>nisi</span> <span class='ocrx_word' id='word_1_649' title='bbox 1109 4272 1168 4326; x_wconf 89' lang='lat' dir='ltr'>spe-</span> <span class='ocrx_word' id='word_1_650' title='bbox 1218 4273 1263 4319; x_wconf 88' lang='lat' dir='ltr'>ec,</span> <span class='ocrx_word' id='word_1_651' title='bbox 1282 4255 1305 4306; x_wconf 85' lang='lat' dir='ltr'>si</span> <span class='ocrx_word' id='word_1_652' title='bbox 1323 4253 1388 4324; x_wconf 88' lang='lat' dir='ltr'>quid</span> <span class='ocrx_word' id='word_1_653' title='bbox 1406 4253 1432 4308; x_wconf 83' lang='lat' dir='ltr'>ri</span> <span class='ocrx_word' id='word_1_654' title='bbox 1452 4256 1553 4323; x_wconf 87' lang='lat' dir='ltr'>majore</span> <span class='ocrx_word' id='word_1_655' title='bbox 1574 4254 1732 4316; x_wconf 75' lang='lat' dir='ltr'>accidisset,</span> <span class='ocrx_word' id='word_1_656' title='bbox 1757 4253 1844 4306; x_wconf 81' lang='lat' dir='ltr'>valere</span> <span class='ocrx_word' id='word_1_657' title='bbox 1866 4254 1981 4318; x_wconf 83' lang='lat' dir='ltr'>dicitur;</span> 
     </span>
     <span class='ocr_line' id='line_1_46' title="bbox 404 4337 1982 4410; baseline 0.001 -20"><span class='ocrx_word' id='word_1_658' title='bbox 404 4339 466 4390; x_wconf 87' lang='lat' dir='ltr'>ciali</span> <span class='ocrx_word' id='word_1_659' title='bbox 486 4347 563 4408; x_wconf 86' lang='lat' dir='ltr'>pacto</span> <span class='ocrx_word' id='word_1_660' title='bbox 581 4339 785 4394; x_wconf 81' lang='lat' dir='ltr'>interveniente.</span> <span class='ocrx_word' id='word_1_661' title='bbox 804 4339 839 4393; x_wconf 85' lang='lat' dir='ltr'>Et</span> <span class='ocrx_word' id='word_1_662' title='bbox 856 4341 923 4394; x_wconf 86' lang='lat' dir='ltr'>hanc</span> <span class='ocrx_word' id='word_1_663' title='bbox 941 4339 1112 4405; x_wconf 89' lang='lat' dir='ltr'>sententiam,</span> <span class='ocrx_word' id='word_1_664' title='bbox 1125 4357 1170 4409; x_wconf 81' lang='lat' dir='ltr'>ge·</span> <span class='ocrx_word' id='word_1_665' title='bbox 1219 4339 1312 4392; x_wconf 87' lang='lat' dir='ltr'>Nullus</span> <span class='ocrx_word' id='word_1_666' title='bbox 1324 4349 1409 4393; x_wconf 88' lang='lat' dir='ltr'>autern</span> <span class='ocrx_word' id='word_1_667' title='bbox 1423 4355 1496 4390; x_wconf 85' lang='lat' dir='ltr'>casus</span> <span class='ocrx_word' id='word_1_668' title='bbox 1508 4339 1588 4391; x_wconf 83' lang='lat' dir='ltr'>etiarn</span> <span class='ocrx_word' id='word_1_669' title='bbox 1603 4339 1724 4394; x_wconf 86' lang='lat' dir='ltr'>insolitus</span> <span class='ocrx_word' id='word_1_670' title='bbox 1737 4337 1857 4401; x_wconf 87' lang='lat' dir='ltr'>dabitur,</span> <span class='ocrx_word' id='word_1_671' title='bbox 1869 4340 1914 4410; x_wconf 81' lang='lat' dir='ltr'>qui</span> <span class='ocrx_word' id='word_1_672' title='bbox 1930 4357 1982 4393; x_wconf 89' lang='grc' dir='ltr'><em>ιιοιι</em></span> 
     </span>
     <span class='ocr_line' id='line_1_47' title="bbox 402 4422 1984 4494; baseline 0.001 -18"><span class='ocrx_word' id='word_1_673' title='bbox 402 4423 520 4476; x_wconf 76' lang='lat' dir='ltr'>noralem</span> <span class='ocrx_word' id='word_1_674' title='bbox 540 4439 647 4474; x_wconf 75' lang='lat' dir='ltr'>casuram</span> <span class='ocrx_word' id='word_1_675' title='bbox 672 4422 842 4478; x_wconf 78' lang='lat' dir='ltr'>fortuitorum</span> <span class='ocrx_word' id='word_1_676' title='bbox 865 4425 1097 4478; x_wconf 74' lang='lat' dir='ltr'>renunciationem</span> <span class='ocrx_word' id='word_1_677' title='bbox 1114 4441 1170 4477; x_wconf 88' lang='lat' dir='ltr'>non</span> <span class='ocrx_word' id='word_1_678' title='bbox 1219 4423 1318 4476; x_wconf 79' lang='lat' dir='ltr'>adsim</span> <span class='ocrx_word' id='word_1_679' title='bbox 1333 4424 1471 4491; x_wconf 79' lang='lat' dir='ltr'>majorem,</span> <span class='ocrx_word' id='word_1_680' title='bbox 1485 4433 1512 4476; x_wconf 88' lang='lat' dir='ltr'>et</span> <span class='ocrx_word' id='word_1_681' title='bbox 1529 4422 1657 4494; x_wconf 76' lang='grc' dir='ltr'><em>θιβοῦίαν</em></span> <span class='ocrx_word' id='word_1_682' title='bbox 1669 4423 1706 4476; x_wconf 88' lang='lat' dir='ltr'>sit</span> <span class='ocrx_word' id='word_1_683' title='bbox 1718 4423 1888 4487; x_wconf 77' lang='lat' dir='ltr'>referendus,</span> <span class='ocrx_word' id='word_1_684' title='bbox 1900 4435 1930 4476; x_wconf 92' lang='lat' dir='ltr'>ut</span> <span class='ocrx_word' id='word_1_685' title='bbox 1944 4424 1984 4478; x_wconf 87' lang='lat' dir='ltr'>sic</span> 
     </span>
     <span class='ocr_line' id='line_1_48' title="bbox 405 4507 1985 4579; baseline 0.001 -19"><span class='ocrx_word' id='word_1_686' title='bbox 405 4509 506 4571; x_wconf 78' lang='lat' dir='ltr'>valere,</span> <span class='ocrx_word' id='word_1_687' title='bbox 531 4507 652 4579; x_wconf 89' lang='lat' dir='ltr'>pluribus</span> <span class='ocrx_word' id='word_1_688' title='bbox 669 4509 870 4562; x_wconf 89' lang='lat' dir='ltr'>auctoritatibus</span> <span class='ocrx_word' id='word_1_689' title='bbox 888 4507 1042 4578; x_wconf 90' lang='lat' dir='ltr'>comprobat</span> <span class='ocrx_word' id='word_1_690' title='bbox 1067 4507 1168 4560; x_wconf 81' lang='lat' dir='ltr'>sebast.</span> <span class='ocrx_word' id='word_1_691' title='bbox 1219 4507 1299 4560; x_wconf 88' lang='lat' dir='ltr'>etiam</span> <span class='ocrx_word' id='word_1_692' title='bbox 1314 4507 1348 4560; x_wconf 90' lang='lat' dir='ltr'>de</span> <span class='ocrx_word' id='word_1_693' title='bbox 1361 4507 1410 4560; x_wconf 88' lang='lat' dir='ltr'>boc</span> <span class='ocrx_word' id='word_1_694' title='bbox 1422 4508 1577 4561; x_wconf 86' lang='lat' dir='ltr'>contrahens</span> <span class='ocrx_word' id='word_1_695' title='bbox 1590 4515 1722 4568; x_wconf 72' lang='lat' dir='ltr'>teneatur:</span> <span class='ocrx_word' id='word_1_696' title='bbox 1741 4509 1910 4578; x_wconf 81' lang='lat' dir='ltr'>praesertim,</span> <span class='ocrx_word' id='word_1_697' title='bbox 1925 4527 1985 4562; x_wconf 88' lang='lat' dir='ltr'>curn</span> 
     </span>
     <span class='ocr_line' id='line_1_49' title="bbox 404 4591 1984 4664; baseline 0.002 -18"><span class='ocrx_word' id='word_1_698' title='bbox 404 4591 523 4646; x_wconf 80' lang='lat' dir='ltr'>lrledices</span> <span class='ocrx_word' id='word_1_699' title='bbox 541 4591 575 4646; x_wconf 81' lang='lat' dir='ltr'>de</span> <span class='ocrx_word' id='word_1_700' title='bbox 592 4591 800 4660; x_wconf 71' lang='lat' dir='ltr'>coribstartuit.</span> <span class='ocrx_word' id='word_1_701' title='bbox 815 4603 887 4663; x_wconf 83' lang='lat' dir='ltr'>port.</span> <span class='ocrx_word' id='word_1_702' title='bbox 909 4603 932 4642; x_wconf 94' lang='grc' dir='ltr'>ι.</span> <span class='ocrx_word' id='word_1_703' title='bbox 952 4612 976 4663; x_wconf 79' lang='lat' dir='ltr'>q.</span> <span class='ocrx_word' id='word_1_704' title='bbox 1000 4604 1040 4643; x_wconf 80' lang='lat' dir='ltr'>ss.</span> <span class='ocrx_word' id='word_1_705' title='bbox 1059 4610 1088 4643; x_wconf 86' lang='lat' dir='ltr'>n.</span> <span class='ocrx_word' id='word_1_706' title='bbox 1109 4604 1150 4643; x_wconf 88' lang='grc' dir='ltr'>ιο.</span> <span class='ocrx_word' id='word_1_707' title='bbox 1218 4593 1374 4662; x_wconf 78' lang='lat' dir='ltr'>generaliter</span> <span class='ocrx_word' id='word_1_708' title='bbox 1387 4592 1542 4662; x_wconf 87' lang='lat' dir='ltr'>recipiendo</span> <span class='ocrx_word' id='word_1_709' title='bbox 1553 4592 1586 4644; x_wconf 90' lang='lat' dir='ltr'>de</span> <span class='ocrx_word' id='word_1_710' title='bbox 1595 4593 1713 4645; x_wconf 83' lang='lat' dir='ltr'>insolitis</span> <span class='ocrx_word' id='word_1_711' title='bbox 1724 4592 1846 4648; x_wconf 89' lang='lat' dir='ltr'>debuerit</span> <span class='ocrx_word' id='word_1_712' title='bbox 1857 4594 1984 4664; x_wconf 81' lang='lat' dir='ltr'>cogitare,</span> 
     </span>
     <span class='ocr_line' id='line_1_50' title="bbox 349 4675 1767 4746; baseline 0.001 -20"><span class='ocrx_word' id='word_1_713' title='bbox 349 4739 350 4742; x_wconf 8' lang='grc' dir='ltr'><strong>Ἴ</strong></span> <span class='ocrx_word' id='word_1_714' title='bbox 438 4675 622 4730; x_wconf 85' lang='lat' dir='ltr'>Nihilominus</span> <span class='ocrx_word' id='word_1_715' title='bbox 640 4687 729 4729; x_wconf 71' lang='lat' dir='ltr'>mmen</span> <span class='ocrx_word' id='word_1_716' title='bbox 748 4676 877 4730; x_wconf 84' lang='lat' dir='ltr'>contraria</span> <span class='ocrx_word' id='word_1_717' title='bbox 894 4675 1019 4727; x_wconf 86' lang='lat' dir='ltr'>sententia</span> <span class='ocrx_word' id='word_1_718' title='bbox 1033 4675 1168 4729; x_wconf 80' lang='lat' dir='ltr'>seriorri-</span> <span class='ocrx_word' id='word_1_719' title='bbox 1218 4677 1258 4730; x_wconf 80' lang='lat' dir='ltr'>rel</span> <span class='ocrx_word' id='word_1_720' title='bbox 1278 4677 1312 4728; x_wconf 88' lang='lat' dir='ltr'>ad</span> <span class='ocrx_word' id='word_1_721' title='bbox 1333 4675 1474 4728; x_wconf 85' lang='lat' dir='ltr'>minimum</span> <span class='ocrx_word' id='word_1_722' title='bbox 1493 4675 1527 4728; x_wconf 88' lang='lat' dir='ltr'>de</span> <span class='ocrx_word' id='word_1_723' title='bbox 1546 4676 1602 4730; x_wconf 91' lang='lat' dir='ltr'>illis</span> <span class='ocrx_word' id='word_1_724' title='bbox 1619 4677 1767 4746; x_wconf 83' lang='lat' dir='ltr'>protestari.</span> 
     </span>
     <span class='ocr_line' id='line_1_51' title="bbox 404 4759 2037 4832; baseline 0.004 -20"><span class='ocrx_word' id='word_1_725' title='bbox 404 4762 495 4826; x_wconf 88' lang='lat' dir='ltr'>detur,</span> <span class='ocrx_word' id='word_1_726' title='bbox 514 4761 653 4826; x_wconf 80' lang='lat' dir='ltr'>videlicet,</span> <span class='ocrx_word' id='word_1_727' title='bbox 672 4762 820 4830; x_wconf 77' lang='lat' dir='ltr'>generalem</span> <span class='ocrx_word' id='word_1_728' title='bbox 844 4761 1026 4829; x_wconf 84' lang='lat' dir='ltr'>receptionem</span> <span class='ocrx_word' id='word_1_729' title='bbox 1054 4760 1166 4832; x_wconf 88' lang='lat' dir='ltr'>periculi</span> <span class='ocrx_word' id='word_1_730' title='bbox 1254 4759 1285 4813; x_wconf 86' lang='lat' dir='ltr'>Et</span> <span class='ocrx_word' id='word_1_731' title='bbox 1297 4777 1455 4830; x_wconf 85' lang='lat' dir='ltr'>quamquam</span> <span class='ocrx_word' id='word_1_732' title='bbox 1469 4762 1630 4814; x_wconf 84' lang='lat' dir='ltr'>contrarium</span> <span class='ocrx_word' id='word_1_733' title='bbox 1643 4765 1790 4814; x_wconf 89' lang='lat' dir='ltr'>sentientes</span> <span class='ocrx_word' id='word_1_734' title='bbox 1804 4775 1989 4832; x_wconf 82' lang='lat' dir='ltr'>urgeantcom·</span> <span class='ocrx_word' id='word_1_735' title='bbox 2023 4777 2037 4819; x_wconf 79' lang='grc'><strong>2</strong></span> 
     </span>
     <span class='ocr_line' id='line_1_52' title="bbox 406 4841 1984 4916; baseline 0.001 -18"><span class='ocrx_word' id='word_1_736' title='bbox 406 4845 440 4898; x_wconf 87' lang='lat' dir='ltr'>ad</span> <span class='ocrx_word' id='word_1_737' title='bbox 459 4862 532 4898; x_wconf 84' lang='lat' dir='ltr'>casus</span> <span class='ocrx_word' id='word_1_738' title='bbox 551 4847 678 4916; x_wconf 71' lang='lat' dir='ltr'>speciales</span> <span class='ocrx_word' id='word_1_739' title='bbox 696 4863 753 4899; x_wconf 87' lang='lat' dir='ltr'>esse</span> <span class='ocrx_word' id='word_1_740' title='bbox 771 4843 979 4904; x_wconf 71' lang='lat' dir='ltr'>extendendam:</span> <span class='ocrx_word' id='word_1_741' title='bbox 999 4861 1168 4899; x_wconf 88' lang='lat' dir='ltr'>necoecesse</span> <span class='ocrx_word' id='word_1_742' title='bbox 1220 4843 1347 4897; x_wconf 79' lang='lat' dir='ltr'>munirer.</span> <span class='ocrx_word' id='word_1_743' title='bbox 1371 4845 1388 4894; x_wconf 91' lang='grc' dir='ltr'>ι.</span> <span class='ocrx_word' id='word_1_744' title='bbox 1407 4844 1538 4898; x_wconf 84' lang='lat' dir='ltr'>Fistulos.</span> <span class='ocrx_word' id='word_1_745' title='bbox 1566 4855 1607 4896; x_wconf 82' lang='lat' dir='ltr'>tt.</span> <span class='ocrx_word' id='word_1_746' title='bbox 1630 4842 1653 4916; x_wconf 81' lang='grc'>5.</span> <span class='ocrx_word' id='word_1_747' title='bbox 1665 4843 1724 4914; x_wconf 77' lang='lat' dir='ltr'>fin.</span> <span class='ocrx_word' id='word_1_748' title='bbox 1737 4841 1783 4916; x_wconf 76' lang='lat' dir='ltr'><em>ff</em></span> <span class='ocrx_word' id='word_1_749' title='bbox 1802 4845 1835 4899; x_wconf 83' lang='lat' dir='ltr'>de</span> <span class='ocrx_word' id='word_1_750' title='bbox 1860 4850 1984 4902; x_wconf 80' lang='lat' dir='ltr'>contrad.</span> 
     </span>
     <span class='ocr_line' id='line_1_53' title="bbox 405 4927 1987 5001; baseline 0.001 -18"><span class='ocrx_word' id='word_1_751' title='bbox 405 4947 464 4984; x_wconf 82' lang='lat' dir='ltr'>esse</span> <span class='ocrx_word' id='word_1_752' title='bbox 483 4931 612 5001; x_wconf 85' lang='lat' dir='ltr'>speciales</span> <span class='ocrx_word' id='word_1_753' title='bbox 631 4948 710 4984; x_wconf 85' lang='lat' dir='ltr'>casus</span> <span class='ocrx_word' id='word_1_754' title='bbox 729 4941 897 4983; x_wconf 85' lang='lat' dir='ltr'>enumerare:</span> <span class='ocrx_word' id='word_1_755' title='bbox 923 4931 1001 4982; x_wconf 86' lang='lat' dir='ltr'>llstio</span> <span class='ocrx_word' id='word_1_756' title='bbox 1026 4929 1104 4995; x_wconf 82' lang='lat' dir='ltr'>buius</span> <span class='ocrx_word' id='word_1_757' title='bbox 1123 4927 1168 4979; x_wconf 90' lang='lat' dir='ltr'>de·</span> <span class='ocrx_word' id='word_1_758' title='bbox 1220 4939 1316 4998; x_wconf 75' lang='lat' dir='ltr'>empt,</span> <span class='ocrx_word' id='word_1_759' title='bbox 1331 4929 1379 4980; x_wconf 87' lang='lat' dir='ltr'>bon</span> <span class='ocrx_word' id='word_1_760' title='bbox 1398 4937 1484 4982; x_wconf 78' lang='lat' dir='ltr'>tarisen</span> <span class='ocrx_word' id='word_1_761' title='bbox 1500 4929 1558 4981; x_wconf 86' lang='lat' dir='ltr'>sine</span> <span class='ocrx_word' id='word_1_762' title='bbox 1573 4928 1758 4992; x_wconf 77' lang='lat' dir='ltr'>fundamento,</span> <span class='ocrx_word' id='word_1_763' title='bbox 1780 4947 1839 4983; x_wconf 87' lang='lat' dir='ltr'>curn</span> <span class='ocrx_word' id='word_1_764' title='bbox 1858 4931 1925 4984; x_wconf 89' lang='lat' dir='ltr'>banc</span> <span class='ocrx_word' id='word_1_765' title='bbox 1940 4933 1987 4986; x_wconf 82' lang='lat' dir='ltr'>le-</span> 
     </span>
     <span class='ocr_line' id='line_1_54' title="bbox 404 5011 1987 5086; baseline 0.003 -20"><span class='ocrx_word' id='word_1_766' title='bbox 404 5013 504 5086; x_wconf 88' lang='lat' dir='ltr'>pendet</span> <span class='ocrx_word' id='word_1_767' title='bbox 521 5031 554 5066; x_wconf 79' lang='lat' dir='ltr'>ex</span> <span class='ocrx_word' id='word_1_768' title='bbox 571 5015 743 5084; x_wconf 83' lang='lat' dir='ltr'>generalitate</span> <span class='ocrx_word' id='word_1_769' title='bbox 756 5011 954 5074; x_wconf 70' lang='lat' dir='ltr'>consentionisa</span> <span class='ocrx_word' id='word_1_770' title='bbox 973 5013 1080 5066; x_wconf 88' lang='lat' dir='ltr'>Genere</span> <span class='ocrx_word' id='word_1_771' title='bbox 1092 5015 1167 5066; x_wconf 87' lang='lat' dir='ltr'>enim</span> <span class='ocrx_word' id='word_1_772' title='bbox 1220 5031 1278 5082; x_wconf 80' lang='lat' dir='ltr'>gem</span> <span class='ocrx_word' id='word_1_773' title='bbox 1289 5013 1425 5082; x_wconf 85' lang='lat' dir='ltr'>allegando</span> <span class='ocrx_word' id='word_1_774' title='bbox 1433 5015 1542 5084; x_wconf 88' lang='lat' dir='ltr'>proprio</span> <span class='ocrx_word' id='word_1_775' title='bbox 1556 5015 1807 5085; x_wconf 78' lang='lat' dir='ltr'>seglndiojngulare</span> <span class='ocrx_word' id='word_1_776' title='bbox 1819 5017 1932 5070; x_wconf 79' lang='lat' dir='ltr'>habeant</span> <span class='ocrx_word' id='word_1_777' title='bbox 1941 5037 1987 5072; x_wconf 91' lang='lat' dir='ltr'>ne·</span> 
     </span>
     <span class='ocr_line' id='line_1_55' title="bbox 404 5096 1988 5169; baseline 0.003 -17"><span class='ocrx_word' id='word_1_778' title='bbox 404 5101 656 5169; x_wconf 87' lang='lat' dir='ltr'>expresso,species</span> <span class='ocrx_word' id='word_1_779' title='bbox 668 5115 772 5167; x_wconf 58' lang='lat' dir='ltr'>quque</span> <span class='ocrx_word' id='word_1_780' title='bbox 782 5098 839 5164; x_wconf 90' lang='lat' dir='ltr'>ejus</span> <span class='ocrx_word' id='word_1_781' title='bbox 849 5113 988 5167; x_wconf 80' lang='lat' dir='ltr'>expressae</span> <span class='ocrx_word' id='word_1_782' title='bbox 1000 5115 1169 5166; x_wconf 86' lang='lat' dir='ltr'>praesumun-</span> <span class='ocrx_word' id='word_1_783' title='bbox 1219 5115 1337 5160; x_wconf 67' lang='lat' dir='ltr'>cessum</span> <span class='ocrx_word' id='word_1_784' title='bbox 1357 5097 1439 5150; x_wconf 75' lang='lat' dir='ltr'>Castis</span> <span class='ocrx_word' id='word_1_785' title='bbox 1457 5096 1534 5167; x_wconf 80' lang='lat' dir='ltr'>legis</span> <span class='ocrx_word' id='word_1_786' title='bbox 1560 5099 1604 5150; x_wconf 88' lang='lat' dir='ltr'>bic</span> <span class='ocrx_word' id='word_1_787' title='bbox 1628 5107 1676 5150; x_wconf 92' lang='lat' dir='ltr'>est.</span> <span class='ocrx_word' id='word_1_788' title='bbox 1703 5099 1789 5152; x_wconf 88' lang='lat' dir='ltr'>Titius</span> <span class='ocrx_word' id='word_1_789' title='bbox 1816 5101 1905 5156; x_wconf 80' lang='lat' dir='ltr'>lilerio</span> <span class='ocrx_word' id='word_1_790' title='bbox 1931 5101 1988 5156; x_wconf 82' lang='lat' dir='ltr'>iru-</span> 
     </span>
     <span class='ocr_line' id='line_1_56' title="bbox 406 5179 1989 5253; baseline 0.002 -15"><span class='ocrx_word' id='word_1_791' title='bbox 406 5197 456 5238; x_wconf 87' lang='lat' dir='ltr'>tur.</span> <span class='ocrx_word' id='word_1_792' title='bbox 477 5202 534 5253; x_wconf 76' lang='lat' dir='ltr'>urg.</span> <span class='ocrx_word' id='word_1_793' title='bbox 554 5184 572 5234; x_wconf 91' lang='grc' dir='ltr'>ι.</span> <span class='ocrx_word' id='word_1_794' title='bbox 592 5194 633 5233; x_wconf 81' lang='lat' dir='ltr'>rs.</span> <span class='ocrx_word' id='word_1_795' title='bbox 650 5200 691 5252; x_wconf 84' lang='lat' dir='ltr'>pr.</span> <span class='ocrx_word' id='word_1_796' title='bbox 694 5179 735 5250; x_wconf 79' lang='lat' dir='ltr'><em>ff</em></span> <span class='ocrx_word' id='word_1_797' title='bbox 749 5181 781 5236; x_wconf 83' lang='lat' dir='ltr'>de</span> <span class='ocrx_word' id='word_1_798' title='bbox 794 5183 889 5252; x_wconf 73' lang='lat' dir='ltr'>tegar.</span> <span class='ocrx_word' id='word_1_799' title='bbox 905 5193 929 5234; x_wconf 80' lang='lat' dir='ltr'>t.</span> <span class='ocrx_word' id='word_1_800' title='bbox 942 5191 967 5235; x_wconf 87' lang='lat' dir='ltr'>et</span> <span class='ocrx_word' id='word_1_801' title='bbox 978 5182 1099 5251; x_wconf 76' lang='lat' dir='ltr'>quamuis</span> <span class='ocrx_word' id='word_1_802' title='bbox 1111 5181 1169 5234; x_wconf 82' lang='lat' dir='ltr'>lor·</span> <span class='ocrx_word' id='word_1_803' title='bbox 1220 5191 1340 5233; x_wconf 88' lang='lat' dir='ltr'>mentum</span> <span class='ocrx_word' id='word_1_804' title='bbox 1359 5181 1446 5236; x_wconf 88' lang='lat' dir='ltr'>adbuc</span> <span class='ocrx_word' id='word_1_805' title='bbox 1464 5181 1493 5232; x_wconf 92' lang='lat' dir='ltr'>in</span> <span class='ocrx_word' id='word_1_806' title='bbox 1510 5183 1602 5235; x_wconf 88' lang='lat' dir='ltr'>herbis</span> <span class='ocrx_word' id='word_1_807' title='bbox 1617 5184 1733 5238; x_wconf 78' lang='lat' dir='ltr'>existens</span> <span class='ocrx_word' id='word_1_808' title='bbox 1753 5183 1887 5250; x_wconf 82' lang='lat' dir='ltr'>vendidit,</span> <span class='ocrx_word' id='word_1_809' title='bbox 1906 5188 1956 5242; x_wconf 87' lang='lat' dir='ltr'>hoc</span> <span class='ocrx_word' id='word_1_810' title='bbox 1974 5209 1989 5242; x_wconf 89' lang='lat' dir='ltr'>a</span> 
     </span>
     <span class='ocr_line' id='line_1_57' title="bbox 405 5264 1989 5342; baseline 0 -18"><span class='ocrx_word' id='word_1_811' title='bbox 405 5287 451 5324; x_wconf 86' lang='lat' dir='ltr'>san</span> <span class='ocrx_word' id='word_1_812' title='bbox 470 5268 503 5321; x_wconf 92' lang='lat' dir='ltr'>de</span> <span class='ocrx_word' id='word_1_813' title='bbox 521 5264 646 5320; x_wconf 84' lang='lat' dir='ltr'>incendio</span> <span class='ocrx_word' id='word_1_814' title='bbox 665 5266 712 5317; x_wconf 90' lang='lat' dir='ltr'>tali</span> <span class='ocrx_word' id='word_1_815' title='bbox 730 5283 783 5320; x_wconf 91' lang='lat' dir='ltr'>non</span> <span class='ocrx_word' id='word_1_816' title='bbox 809 5266 965 5335; x_wconf 86' lang='lat' dir='ltr'>cogitaverit</span> <span class='ocrx_word' id='word_1_817' title='bbox 990 5267 1168 5332; x_wconf 89' lang='lat' dir='ltr'>contrahens,</span> <span class='ocrx_word' id='word_1_818' title='bbox 1221 5265 1293 5320; x_wconf 84' lang='lat' dir='ltr'>Titio</span> <span class='ocrx_word' id='word_1_819' title='bbox 1309 5265 1408 5334; x_wconf 82' lang='lat' dir='ltr'>adjecto</span> <span class='ocrx_word' id='word_1_820' title='bbox 1427 5277 1516 5338; x_wconf 90' lang='lat' dir='ltr'>pacto,</span> <span class='ocrx_word' id='word_1_821' title='bbox 1536 5285 1579 5330; x_wconf 90' lang='lat' dir='ltr'>se,</span> <span class='ocrx_word' id='word_1_822' title='bbox 1600 5267 1707 5338; x_wconf 89' lang='lat' dir='ltr'>siquid</span> <span class='ocrx_word' id='word_1_823' title='bbox 1727 5270 1767 5331; x_wconf 83' lang='lat' dir='ltr'>vi,</span> <span class='ocrx_word' id='word_1_824' title='bbox 1787 5282 1830 5325; x_wconf 87' lang='lat' dir='ltr'>ant</span> <span class='ocrx_word' id='word_1_825' title='bbox 1839 5281 1989 5342; x_wconf 83' lang='lat' dir='ltr'>tempestate</span> 
     </span>
     <span class='ocr_line' id='line_1_58' title="bbox 406 5349 1989 5423; baseline 0.002 -19"><span class='ocrx_word' id='word_1_826' title='bbox 406 5351 507 5405; x_wconf 80' lang='lat' dir='ltr'>sufficit</span> <span class='ocrx_word' id='word_1_827' title='bbox 529 5363 631 5412; x_wconf 86' lang='lat' dir='ltr'>tamen,</span> <span class='ocrx_word' id='word_1_828' title='bbox 650 5353 722 5421; x_wconf 89' lang='lat' dir='ltr'>quod</span> <span class='ocrx_word' id='word_1_829' title='bbox 737 5353 936 5423; x_wconf 85' lang='lat' dir='ltr'>deencogitare</span> <span class='ocrx_word' id='word_1_830' title='bbox 950 5351 1089 5416; x_wconf 90' lang='lat' dir='ltr'>debuerit,</span> <span class='ocrx_word' id='word_1_831' title='bbox 1105 5353 1170 5404; x_wconf 88' lang='lat' dir='ltr'>durn</span> <span class='ocrx_word' id='word_1_832' title='bbox 1223 5349 1317 5423; x_wconf 75' lang='lat' dir='ltr'>lactum</span> <span class='ocrx_word' id='word_1_833' title='bbox 1337 5351 1418 5405; x_wconf 89' lang='lat' dir='ltr'>luerit</span> <span class='ocrx_word' id='word_1_834' title='bbox 1434 5353 1640 5423; x_wconf 75' lang='lat' dir='ltr'>praestiturum:</span> <span class='ocrx_word' id='word_1_835' title='bbox 1661 5352 1836 5423; x_wconf 75' lang='lat' dir='ltr'>contingebat</span> <span class='ocrx_word' id='word_1_836' title='bbox 1854 5373 1930 5408; x_wconf 89' lang='lat' dir='ltr'>casus</span> <span class='ocrx_word' id='word_1_837' title='bbox 1949 5357 1989 5408; x_wconf 86' lang='lat' dir='ltr'>in·</span> 
     </span>
     <span class='ocr_line' id='line_1_59' title="bbox 401 5435 1992 5510; baseline 0.002 -20"><span class='ocrx_word' id='word_1_838' title='bbox 401 5437 516 5508; x_wconf 85' lang='lat' dir='ltr'>generali</span> <span class='ocrx_word' id='word_1_839' title='bbox 532 5435 648 5507; x_wconf 89' lang='lat' dir='ltr'>periculo</span> <span class='ocrx_word' id='word_1_840' title='bbox 658 5454 685 5490; x_wconf 90' lang='lat' dir='ltr'>se</span> <span class='ocrx_word' id='word_1_841' title='bbox 697 5437 846 5508; x_wconf 75' lang='lat' dir='ltr'>adstringit.</span> <span class='ocrx_word' id='word_1_842' title='bbox 859 5437 930 5490; x_wconf 80' lang='lat' dir='ltr'>Facit</span> <span class='ocrx_word' id='word_1_843' title='bbox 940 5453 1042 5505; x_wconf 87' lang='lat' dir='ltr'>quoque</span> <span class='ocrx_word' id='word_1_844' title='bbox 1055 5453 1106 5506; x_wconf 91' lang='lat' dir='ltr'>pro</span> <span class='ocrx_word' id='word_1_845' title='bbox 1120 5435 1168 5489; x_wconf 85' lang='lat' dir='ltr'>boc</span> <span class='ocrx_word' id='word_1_846' title='bbox 1224 5435 1332 5500; x_wconf 88' lang='lat' dir='ltr'>solitus,</span> <span class='ocrx_word' id='word_1_847' title='bbox 1351 5436 1414 5488; x_wconf 89' lang='lat' dir='ltr'>dum</span> <span class='ocrx_word' id='word_1_848' title='bbox 1432 5436 1532 5490; x_wconf 78' lang='lat' dir='ltr'>aestivo</span> <span class='ocrx_word' id='word_1_849' title='bbox 1542 5435 1631 5492; x_wconf 80' lang='lat' dir='ltr'>forsan</span> <span class='ocrx_word' id='word_1_850' title='bbox 1642 5447 1760 5510; x_wconf 88' lang='lat' dir='ltr'>tempore</span> <span class='ocrx_word' id='word_1_851' title='bbox 1774 5439 1848 5494; x_wconf 85' lang='lat' dir='ltr'>uires</span> <span class='ocrx_word' id='word_1_852' title='bbox 1862 5438 1992 5495; x_wconf 80' lang='lat' dir='ltr'>frumenta</span> 
     </span>
    </p>
   </div>
   <div class='ocr_carea' id='block_1_7' title="bbox 0 0 2259 6340">
    <p class='ocr_par' dir='ltr' id='par_1_10' title="bbox 0 0 2259 6340">
     <span class='ocr_line' id='line_1_60' title="bbox 0 0 2259 6340; baseline 0 0"><span class='ocrx_word' id='word_1_853' title='bbox 0 0 2259 6340; x_wconf 95' lang='lat' dir='ltr'> </span> 
     </span>
    </p>
   </div>
  </div>
 </body>
</html>
