4482 6328
336 527 389 583 bai
772 523 822 580 DE
840 523 1022 582 Pnoctsstt
1042 521 1324 580 tttsrttttc'tttt'tt.
1718 527 1771 594 tat

263 623 565 698 stramem-limitare
585 619 733 676 Videbatur
749 619 796 675 bic
819 622 909 690 regola
933 621 1035 676 consti·
1084 620 1228 692 aqualiter
1252 619 1429 692 praestandos·
1454 621 1643 695 Ramppono
1668 631 1756 677 autem
1781 620 1855 678 bone

265 709 383 774 tuenda,
410 709 481 780 qnod
505 725 567 764 reus
592 707 621 760 in
646 703 746 782 judicio
766 705 953 776 instregarnm
973 723 1034 760 con·
1087 723 1177 760 essum
1206 723 1258 760 non
1285 715 1405 778 spectare
1429 706 1461 760 ad
1488 707 1626 778 instrepas
1656 707 1853 780 privilegiatos,

254 804 363 851 'ventus
382 795 429 848 lans
449 803 570 863 sumptus
588 789 660 844 ierre
678 799 798 844 teneatnr
815 808 866 862 per
887 791 920 842 0.
943 791 973 843 C.
998 795 1034 846 P.
1087 791 1134 844 sed
1158 790 1387 854 conventionales,
1414 807 1475 843 narn
1499 809 1552 847 non
1579 807 1612 846 ex
1631 793 1697 860 juris
1715 794 1863 846 carceralis·

258 891 292 936 ’2.
312 891 332 932 t.
356 888 379 932 t.
398 877 421 952 5.
440 881 498 933 und
515 877 613 931 sottea.
631 875 685 929 t'bt
698 877 825 930 electores
838 875 1036 928 consentiens·
1086 864 1276 944 dispositione,
1297 873 1342 926 sed
1361 876 1416 927 sols
1433 877 1605 930 consentione
1622 877 1758 948 dependet.
1781 878 1854 931 Hine

185 973 188 981 ⁴
257 963 387 1019 ·siliariis
408 962 463 1016 suis
482 961 537 1032 ipsi
558 971 681 1030 sumptus
700 959 903 1013 subministrare
926 959 1033 1012 debent.
1086 959 1168 1012 ctiam
1188 961 1231 1014 bie
1250 974 1324 1014 cesus
1342 959 1855 1028 exuat.cammmtmetaeiteatm,
1904 959 1907 964 ’

264 1051 323 1106 Sed
341 1049 388 1102 aix
406 1057 548 1118 putarem,
567 1046 705 1100 rationem
723 1043 868 1098 decisionis
880 1043 909 1096 in
925 1043 950 1097 d.
961 1052 982 1106 t.
996 1045 1035 1098 la·
1088 1043 1133 1096 sed
1152 1061 1185 1098 ex
1204 1045 1307 1099 ratione
1323 1046 1392 1114 juris
1410 1045 1571 1111 commonia
1590 1046 1637 1117 qni
1655 1047 1727 1100 enirn
1738 1048 1854 1102 arbitros

266 1135 350 1188 titare
371 1131 400 1184 in
419 1149 465 1198 eo,
485 1131 545 1201 quia
573 1131 671 1184 elector
695 1147 759 1182 reus
780 1139 836 1194 est,
861 1145 921 1180 uam
947 1129 986 1181 sic
1011 1147 1037 1181 c·
1089 1129 1212 1199 eligunt,
1233 1131 1292 1184 siue
1310 1129 1392 1182 dubio
1409 1131 1442 1184 ab
1461 1141 1568 1202 unaque
1590 1141 1664 1202 parte
1681 1135 1855 1203 praestabunt

165 1221 170 1230 ’
262 1217 324 1273 mni
342 1235 407 1271 casu
423 1233 484 1270 reus
502 1227 635 1270 teneretur
654 1214 818 1286 adsumptus
828 1211 1037 1284 suppeditanto·
1087 1215 1236 1287 impensas:
1256 1215 1533 1272 sbarbitrissesoad
1548 1216 1689 1286 Austregas
1702 1221 1856 1276 consentio·

264 1301 341 1374 quod
365 1311 454 1355 tamen
480 1318 534 1353 non
560 1309 617 1365 est,
639 1315 689 1371 per·
704 1300 730 1352 d·
749 1308 768 1350 t.
789 1308 812 1349 t.
832 1297 855 1369 5
875 1317 936 1350 sum
956 1298 1036 1350 Secls·
1088 1299 1160 1351 nslss
1186 1299 1307 1370 procedit
1330 1311 1520 1370 argumentum.
1545 1300 1605 1354 Noti
1635 1319 1696 1371 ergo
1712 1303 1853 1358 attenden-

214 1399 221 1416 ·
265 1399 338 1441 sten-
359 1386 427 1440 Nam
447 1384 488 1437 ibi
506 1385 530 1436 si
549 1383 582 1438 ab
601 1394 712 1452 utraque
730 1392 819 1454 parte,
837 1382 935 1434 actoris
954 1397 989 1434 se.
1011 1392 1039 1435 et
1089 1380 1168 1444 dnm,
1187 1384 1248 1452 quis
1266 1395 1351 1451 actor,
1369 1387 1430 1455 quis
1448 1403 1510 1440 reus
1523 1387 1575 1454 sit,
1589 1386 1637 1440 sed
1651 1387 1791 1458 utriunque
1803 1387 1859 1442 hoc

260 1472 311 1536 rei,
327 1471 378 1523 diso
397 1467 448 1523 viri
463 1469 562 1539 egregii
575 1467 677 1538 judiees
690 1466 900 1528 constituantur,
914 1474 1037 1536 sumptus
1088 1481 1149 1518 casu
1168 1476 1210 1518 est
1227 1469 1344 1538 aequdis
1358 1471 1437 1523 ratio.
1450 1471 1556 1524 Deinde
1566 1487 1617 1524 ncc
1628 1469 1732 1524 utilitas
1746 1474 1800 1525 sols'
1813 1472 1869 1526 bio·

263 1557 296 1610 ab
317 1565 435 1624 utraque
452 1566 526 1625 parte
544 1551 688 1622 aequaliter
706 1549 827 1612 serendi,
849 1549 1037 1619 nusgemet'ne
1090 1560 1192 1620 spectat
1208 1552 1242 1604 ad
1261 1555 1397 1624 civitatem
1416 1567 1586 1623 conventam,
1607 1557 1655 1610 sed
1668 1567 1695 1610 et
1709 1556 1857 1628 ipsepritt·

271 1643 390 1706 Korten,
411 1639 480 1691 sicut
499 1637 528 1690 in
547 1634 603 1690 line
620 1635 694 1688 illins
713 1641 734 1698 ς.
760 1649 887 1704 expresse
908 1633 1037 1685 decisum.
1091 1649 1156 1704 ceps
1176 1645 1252 1690 actor
1269 1639 1438 1693 commodum
1456 1639 1520 1694 iude
1538 1640 1635 1704 sentit,
1654 1639 1719 1694 dum
1744 1653 1770 1696 et
1792 1639 1857 1695 faei-

267 1722 337 1794 Ergo
366 1723 485 1776 dicerem
512 1719 611 1773 adbuc:
644 1727 766 1788 sumptus
797 1717 956 1788 regulariter
981 1733 1039 1769 esse
1089 1717 1143 1770 lius
1161 1720 1290 1792 expedire
1307 1725 1462 1792 negotium,
1481 1734 1509 1778 et
1526 1725 1679 1780 minoribus
1704 1725 1869 1797 sumptibus·
1979 1729 1984 1744 '

269 1825 440 1872 communes,
459 1807 514 1861 nisi
535 1807 587 1877 (t.)
605 1802 806 1859 commisserint
823 1821 838 1857 a
856 1803 967 1855 saesare
986 1803 1038 1856 im·
1090 1811 1187 1870 potest.
1208 1805 1266 1859 lmo
1286 1806 1337 1859 etsi
1357 1817 1449 1862 contra
1473 1809 1627 1880 principem
1651 1818 1767 1864 retorem
1793 1809 1859 1864 fers·

265 1902 406 1964 petralas,
428 1893 472 1950 bic
491 1891 564 1945 enim
584 1887 737 1960 sumptibus
756 1886 923 1958 impetrantis
941 1886 1038 1940 onusti-
1091 1895 1134 1940 tur
1160 1892 1307 1959 sententia,
1337 1895 1397 1964 ipse
1414 1912 1517 1964 quoqne
1535 1913 1583 1966 per
1601 1897 1806 1969 appellationem
1826 1895 1869 1950 sd·¹

269 1977 387 2032 tuendus
408 1977 515 2030 ridetur
534 1975 621 2028 Blunn
641 1976 668 2028 d.
687 1983 706 2026 t.
727 1983 770 2024 tr.
796 1990 824 2024 n.
852 1981 910 2024 tet.
937 1969 983 2023 sed
1007 1967 1040 2020 sle
1090 1987 1221 2026 cameram
1248 1974 1373 2030 beneficii
1399 1978 1527 2032 secundae
1553 1979 1694 2035 instantiae
1725 1983 1855 2052 particeps

268 2079 299 2114 eo
319 2061 417 2116 merito
436 2059 598 2114 dubitamus.
615 2059 666 2110 Vel
679 2055 730 2126 (2.)
743 2055 796 2108 nisi
812 2055 935 2126 princeps
950 2071 1038 2107 comm
1091 2057 1152 2111 erit.
1181 2059 1257 2113 Sicut
1281 2079 1343 2131 erpo
1368 2063 1398 2115 io
1423 2081 1541 2129 camera,
1560 2065 1584 2116 si
1602 2065 1679 2118 litem
1698 2065 1862 2120 instituisset

269 2145 326 2199 suis
354 2144 524 2199 consiliariis
549 2143 733 2205 convenietur,
755 2141 793 2193 ita
817 2140 889 2193 enim
915 2141 1039 2212 princeps
1093 2139 1286 2213 princeps,ex
1305 2160 1352 2197 sus
1370 2155 1445 2217 parte
1464 2155 1584 2215 sumptus
1609 2145 1680 2202 terra
1705 2147 1861 2214 debuisset,

271 2230 332 2302 ipso
349 2231 489 2285 sustinere
506 2229 643 2300 impensas
662 2225 742 2280 debet
761 2227 891 2281 0.C·P.
919 2235 943 2280 2.
968 2236 987 2278 t.
1016 2239 1040 2280 s.
1093 2232 1120 2274 st
1138 2225 1231 2280 civitas
1247 2230 1350 2299 quoqne'
1369 2245 1441 2282 suam
1460 2240 1573 2300 partem.
1588 2232 1634 2286 Sic
1645 2233 1668 2284 ai
1688 2234 1872 2287 conventione·

269 2321 292 2376 ς.
322 2315 366 2368 Es
397 2315 496 2368 rollers.
526 2311 626 2385 partim
656 2311 692 2366 ob
716 2309 931 2366 commoditatem
961 2327 1039 2381 quam
1094 2318 1190 2362 mutua
1215 2313 1244 2364 in
1270 2315 1337 2367 alios
1360 2314 1465 2383 jndices
1492 2317 1729 2388 compromittant,
1761 2317 1864 2386 injuste

263 2399 349 2455 ‘hebet
366 2399 493 2472 princeps
511 2407 673 2458 contentus,
691 2395 754 2448 duur
773 2395 806 2447 ad
824 2404 979 2448 extraneum
1002 2396 1040 2448 lc·
1093 2405 1245 2462 gravaretur
1256 2417 1306 2450 una
1321 2417 1397 2470 pass,
1412 2400 1435 2454 si
1449 2401 1504 2456 sola
1515 2411 1637 2473 sumptus
1655 2401 1763 2457 deberet
1781 2403 1864 2456 funi.

265 2499 329 2538 eom
350 2498 379 2536 se
397 2481 520 2536 conferre
536 2497 592 2534 non
610 2487 730 2543 tenetur,
749 2477 795 2530 sed
813 2493 900 2530 coram
925 2477 1041 2548 propriis
1097 2495 1173 2532 uere.
1192 2481 1269 2548 Quod
1289 2484 1312 2534 si
1334 2492 1421 2538 tamen
1440 2485 1472 2538 sd
1484 2485 1647 2541 desiderium
1662 2487 1864 2560 civitatisprin·

269 2565 433 2620 consiliariis
450 2563 550 2628 litem,
568 2561 657 2616 etiam·
669 2561 699 2613 in
717 2577 763 2614 sua
781 2560 928 2613 residentia
946 2576 1038 2631 prose·
1092 2579 1156 2632 ceps
1177 2564 1307 2630 judicium
1321 2569 1507 2639 iustregarurn
1520 2573 1677 2636 constituat,
1690 2581 1812 2643 snmptns
1825 2571 1863 2624 ci-

269 2649 316 2720 qui
334 2659 431 2722 potest
447 2647 624 2718 (actorisern
642 2645 693 2697 boc
710 2644 815 2714 pravius
833 2653 884 2709 est,
903 2644 1041 2714 quiiulo·
1094 2646 1178 2700 sitati
1202 2652 1303 2722 petenti
1329 2655 1424 2707 merito
1449 2655 1623 2723 itinerabant,
1650 2655 1730 2707 sicuti
1755 2655 1865 2724 speciali

269 2749 301 2786 so
319 2731 415 2802 judieii
433 2731 512 2802 qussi
531 2730 707 2801 peregrinus,
727 2728 861 2812 utsic'in
881 2745 934 2780 uno
952 2745 1042 2797 grara-
1093 2733 1209 2786 consilio
1241 2735 1424 2803 deduximus,
1450 2742 1521 2808 quod
1549 2749 1621 2791 extat
1653 2738 1726 2790 inter
1756 2737 1863 2793 coastt.

269 2827 313 2870 tus
330 2855 337 2880 ,
356 2815 386 2869 in
404 2817 457 2871 alic
475 2816 604 2870 subteaart
623 2812 733 2881 debeat)
752 2814 852 2882 partim
870 2829 931 2864 sero
950 2811 984 2865 ob
1003 2812 1041 2866 sa·
1094 2818 1312 2874 Brnnnemonni
1336 2822 1417 2874 Num.
1447 2833 1505 2874 tto·
1524 2839 1572 2892 pro
1590 2837 1640 2890 qna
1657 2821 1785 2891 opinione
1808 2831 1864 2874 tari·

271 2902 394 2954 attioren
414 2899 652 2978 tusltnitlionema
672 2896 736 2948 dum
754 2895 884 2964 ΡῪῙΜΞΡς
910 2895 958 2947 1200
981 2909 1042 2946 0·ῑῦ
1093 2899 1153 2954 dem
1174 2904 1226 2957 lata
1245 2915 1287 2958 est
1307 2907 1440 2960 sententis
1458 2907 1487 2959 in
1508 2908 1567 2978 ipso
1585 2905 1643 2959 loro
1663 2904 1863 2976 Austregarom,

265 2985 396 3058 propriis
416 2985 581 3038 consiliariis
604 2992 705 3036 unnim
730 2991 880 3050 sumptuum
908 2977 1041 3030 submini·
1093 2982 1125 3036 sd
1144 2988 1284 3039 consilinm
1305 2987 1433 3043 Jthrnrn
1453 2989 1685 3052 Chiloniensium,
1711 3005 1778 3058 quae
1803 3005 1863 3042 sen·

273 3081 364 3124 strare
382 3085 438 3122 non
458 3081 576 3131 tenetm,
593 3083 671 3137 quam
691 3074 846 3124 extraneus,
865 3079 925 3114 cum
944 3062 1042 3131 alioqui
1095 3069 1179 3120 tentia
1198 3069 1299 3138 pariter
1317 3070 1403 3125 rideri
1422 3073 1522 3144 poterit
1542 3074 1615 3126 inter
1643 3071 1749 3125 Consil.
1772 3071 1865 3126 Brun-

263 3156 306 3209 ·sb
326 3154 374 3209 illc
394 3153 531 3208 ordinaria
550 3151 646 3204 sslaris
663 3149 785 3201 baberent·
1092 3169 1164 3204 nem.
1185 3155 1221 3204 A.
1249 3162 1307 3204 ist.
1510 3149 1515 3160 ’

205 3251 237 3294 31
311 3241 365 3294 &d
383 3239 449 3309 quid
469 3237 504 3290 de
519 3235 652 3306 impellli!
673 3231 750 3284 ficiis
770 3231 799 3282 in
818 3228 917 3296 judicio
931 3227 1040 3281 dume·
1131 3236 1260 3290 prooem
1287 3239 1375 3309 itaque
1401 3237 1586 3308 Arm-epafum
1613 3239 1646 3291 nd
1670 3237 1866 3292 conclusionem

263 3339 363 3395 pssum
383 3316 644 3378 conventionalinm?
667 3317 717 3370 Vel
742 3327 770 3368 ut
792 3313 935 3384 specialius
960 3329 1045 3383 qtue-,
1094 3317 1124 3369 iu
1152 3335 1229 3373 escss
1257 3321 1390 3388 dedueto,
1416 3325 1546 3378 sententis
1570 3322 1679 3377 ferenda
1698 3341 1713 3376 a
1731 3321 1867 3391 jndicibus

272 3411 355 3464 situm
385 3408 514 3478 formeria,
536 3405 608 3456 tane
629 3419 718 3456 usum
737 3399 854 3470 exempli
872 3401 929 3452 loco
948 3413 1041 3468 pwpn
1093 3405 1198 3458 olentis.
1229 3406 1264 3460 lit
1287 3408 1397 3478 quidem
1422 3411 1465 3465 rel
1491 3411 1544 3481 ipsi
1564 3425 1596 3464 ex
1614 3405 1669 3462 fide
1686 3426 1733 3463 sus
1749 3409 1867 3479 judicare

274 3511 346 3548 narn.
367 3492 489 3562 Principi
507 3489 586 3543 alicui
604 3488 639 3540 lis
657 3495 699 3540 est
717 3504 777 3539 euru
790 3483 900 3538 civitate
912 3481 964 3536 sibi
977 3482 1040 3534 sub·
1095 3499 1237 3559 poteruut3
1257 3495 1296 3546 vel
1316 3494 1414 3560 etiam,
1433 3493 1650 3549 desiderantibus
1668 3492 1867 3565 impenitate,

275 3577 346 3644 ³5¹⁸·
365 3577 509 3631 mmmm
527 3575 580 3627 *¹¹¹²
599 3572 736 3634 “mim
751 3585 812 3640 “8⁰
825 3567 984 3638 ῐθδώΐῖῑθΐ
994 3567 1043 3620 ¹²⁰⁸
1093 3583 1150 3626 ἰοί*
1168 3574 1201 3625 td
1215 3577 1529 3646 quomdamaoademtam
1541 3578 1692 3652 probatam,
1705 3587 1736 3630 nt
1748 3577 1788 3631 ibi
1801 3594 1866 3632 con·

266 3663 305 3715 in
323 3662 381 3716 loro
400 3662 589 3730 Austregarnrn
608 3653 671 3708 beri
688 3671 743 3712 uon
762 3653 858 3718 debet,
881 3651 928 3706 sed
953 3651 1042 3706 statim
1094 3658 1218 3730 cipiatur
1246 3664 1391 3729 sententis,
1415 3663 1592 3720 transmittere
1615 3671 1741 3736 possunt,
1772 3679 1868 3718 conce.

275 3746 304 3799 in
323 3745 432 3800 Camers
452 3740 609 3814 impactio
633 3737 806 3792 instituenda.
835 3738 891 3788 llic.
919 3733 1044 3790 Ummitu
1094 3752 1166 3811 ptam
1182 3748 1418 3802 „mmmmm
1433 3748 1535 3818 judic„
1552 3765 1600 3803 ,uo
1618 3748 1729 3802 nomine
1748 3746 1868 3820 publiea.

265 3829 308 3884 vde
324 3843 440 3896 process.
459 3830 485 3882 d.
507 3836 532 3881 s.
550 3827 587 3876 tt.
610 3833 653 3875 ss.
679 3821 707 3875 tn
723 3819 782 3891 fia.
810 3823 912 3874 tirum.
938 3821 1041 3870 ttanm.
1098 3843 1126 3878 re
1155 3825 1264 3880 tabent.
1288 3827 1376 3884 lttom.
1403 3835 1527 3887 Procne.
1553 3837 1629 3890 cam.
1655 3843 1673 3885 r.
1699 3841 1740 3886 ar.
1760 3849 1787 3884 n.
1809 3839 1866 3884 sos.

266 3914 320 3966 sit.
342 3927 365 3967 t.
383 3913 416 3966 de
424 3911 512 3982 judie.
523 3909 581 3964 obs.
600 3920 622 3960 t.
634 3907 663 3960 in
679 3904 812 3960 additam.
826 3922 853 3956 n.
870 3914 893 3954 t.
907 3901 952 3952 ubi
967 3917 1043 3972 prae·
1098 3913 1263 3982 Quamquam
1282 3915 1333 3969 hos
1352 3917 1454 3985 judices
1473 3916 1708 3988 Austregarumad
1725 3915 1867 3970 mamis.

271 4001 408 4069 ›jndicium
434 3998 513 4052 babet
537 3998 610 4048 inter
637 3989 893 4062 Archi-Episcopum
914 3987 1046 4057 Mogunti-
1099 3996 1200 4048 sionem
1220 4007 1357 4065 aetorum,
1378 4001 1401 4053 si
1420 4001 1475 4071 ipsi
1494 4001 1658 4055 seutentiam
1676 4000 1747 4054 ferre
1763 4000 1869 4066 velint,

279 4101 343 4136 num
361 4091 389 4134 et
407 4082 545 4136 civitatem
571 4077 808 4150 ttrptorttemem.
835 4073 909 4142 Quid
934 4089 995 4142 ergo
1022 4071 1045 4122 ti
1098 4095 1113 4130 s
1139 4079 1256 4148 partibos
1282 4084 1408 4152 mrupelti
1431 4099 1486 4134 nou
1510 4085 1632 4152 possint,
1656 4095 1685 4138 ut
1706 4094 1776 4137 recte
1793 4091 1871 4137 notat

279 4169 406 4237 prinecps
425 4181 483 4218 eum
503 4165 550 4217 tali
568 4163 675 4218 civitate
693 4157 1048 4223 conveniat‚seaettetnnc
1099 4163 1187 4216 Blum.
1207 4163 1233 4215 d.
1253 4167 1270 4216 l.
1291 4185 1317 4219 n.
1342 4177 1399 4220 ttt.
1426 4165 1588 4236 Exemplum
1617 4167 1695 4235 hujus
1721 4165 1869 4221 sententiae

284 4253 361 4304 litent
381 4265 469 4304 coram
489 4248 545 4302 suis
563 4245 726 4302 consiliariis
744 4247 892 4298 intentare:
914 4250 941 4294 et
954 4241 1048 4294 civitas
1099 4249 1155 4300 rid.
1174 4247 1243 4319 apud
1262 4249 1314 4302 Dn.
1334 4247 1535 4303 Brunnemann.
1558 4251 1662 4304 consil.
1685 4260 1744 4303 ist.

280 4337 435 4392 consentiat·
454 4332 614 4403 Quaeritur,
632 4333 692 4404 quit
721 4330 857 4402 impetun
881 4325 1048 4380 mimmii
1138 4333 1269 4388 Publicats
1290 4333 1377 4404 itaque
1398 4335 1532 4388 sententia
1556 4351 1571 4387 a
1596 4333 1731 4403 judicibus
1759 4331 1868 4386 dustre-

282 4437 389 4491 erogsre
407 4413 523 4473 debeat?
542 4416 640 4470 Contra
657 4415 815 4486 principem
835 4412 918 4466 t'scere
930 4408 1049 4481 poterint,
1100 4433 1207 4486 garum,
1234 4435 1287 4470 non
1313 4419 1402 4471 statim
1420 4419 1511 4472 eadem
1531 4417 1680 4472 executioni
1698 4415 1868 4483 mandands;

280 4505 350 4576 qnod
370 4505 405 4557 lis
424 4519 513 4557 coram
532 4502 619 4573 ipsius
637 4499 802 4554 consiliariis
819 4498 1048 4568 pensaunium
1101 4501 1148 4554 sed
1165 4501 1246 4557 ethis
1262 4501 1383 4555 decendii
1398 4501 1532 4572 spatium,
1545 4501 1714 4571 litigantibus
1727 4501 1869 4570 jurecorn·

285 4589 345 4662 ipse
364 4599 486 4661 sumptus
504 4588 575 4643 terre
592 4585 718 4650 debebit,
739 4585 869 4656 rigoreo.
883 4582 913 4634 C.
930 4581 960 4634 Et
973 4580 1049 4634 dein·
1101 4585 1176 4639 mnni
1195 4596 1256 4658 post
1273 4588 1432 4640 sententiam
1453 4603 1606 4640 eoncessum
1625 4587 1694 4638 Noe.
1710 4593 1752 4636 tt.
1766 4602 1788 4638 e.
1808 4595 1828 4636 t.
1844 4595 1871 4640 et

225 4697 229 4704 ·
284 4676 321 4729 de
336 4674 432 4729 etiam:
451 4673 513 4745 quia
527 4674 653 4747 princeps
671 4669 734 4725 inde
753 4669 918 4723 commodum
946 4668 1049 4732 sentit,
1102 4673 1187 4725 Ant.
1206 4670 1298 4726 Hodie
1321 4673 1350 4724 C.
1370 4671 1403 4726 de
1422 4671 1532 4742 Appell.
1550 4687 1605 4724 non
1624 4667 1823 4738 denegandum,
1843 4679 1873 4740 ut

270 4762 354 4814 sient
371 4761 453 4832 posit.
472 4759 596 4834 praecedi
612 4755 834 4812 dictum·Ccntra
854 4753 989 4807 civitatem
1010 4751 1048 4806 ia·
1101 4757 1394 4822 interimdelibeeent,
1415 4773 1447 4809 an
1462 4765 1533 4810 stare
1547 4755 1696 4808 sententiae
1710 4773 1724 4808 s
1736 4751 1869 4823 iudicibus
1911 4805 1916 4814 ,

285 4845 342 4911 cit,
359 4845 432 4915 quod
452 4844 497 4897 illa
514 4841 689 4898 conveniatur
715 4851 742 4894 ot
766 4857 809 4896 res
835 4841 886 4904 sit,
912 4842 965 4907 jam
991 4855 1052 4893 senc
1104 4843 1289 4913 iustregarum
1308 4841 1391 4904 latae,
1410 4857 1443 4892 sn
1468 4855 1530 4893 sero
1557 4837 1716 4910 appellando
1741 4839 1800 4907 jure
1824 4855 1871 4890 sna

285 4945 332 4982 rec
348 4927 479 4998 competit
495 4943 562 4980 onos
586 4924 753 4980 sustentandi
778 4921 879 4992 jndices
904 4923 1050 4978 ordinatio-
1102 4927 1224 4995 prosequi
1243 4927 1334 4978 velint.
1353 4921 1482 4978 Concessa
1501 4932 1543 4977 est
1559 4923 1634 4976 enim
1652 4921 1728 4974 omni
1742 4939 1804 4974 essu
1821 4939 1868 4992 ap·

287 5013 353 5078 nis,
369 5029 432 5065 nam
453 5009 482 5063 in
500 5011 565 5064 0rd.
583 5009 613 5064 C.
631 5009 665 5062 dc
682 5009 809 5079 principe
821 5017 949 5061 contento
960 5007 1050 5078 agitur.
1103 5009 1211 5078 pellatio
1234 5027 1249 5062 a
1269 5008 1328 5063 loro
1347 5008 1536 5078 Austregsrnm
1554 5005 1588 5061 ad
1606 5005 1680 5059 Cam.
1700 5007 1799 5077 lmper.
1817 5021 1866 5076 per

172 5145 177 5157 ,
287 5097 393 5150 Deinde
412 5095 473 5167 quis
491 5095 586 5150 civitas
604 5095 773 5167 potissimum
785 5093 950 5150 commodum
971 5093 1054 5147 sentit
1100 5109 1226 5164 expressa
1244 5093 1320 5146 rerba
1342 5092 1406 5146 Orat.
1433 5091 1510 5146 Cam.
1521 5111 1548 5163 p.
1564 5101 1588 5142 2.
1603 5101 1622 5142 2.
1640 5104 1664 5144 s.
1680 5089 1790 5143 Ersoll
1803 5087 1870 5142 autb

276 5177 353 5234 -duns
392 5179 526 5253 duplicem
556 5180 607 5234 bac
640 5179 746 5233 ratione
777 5180 934 5234 instantiam
964 5179 1054 5232 nanci·
1096 5179 1131 5231 s'n
1150 5179 1225 5234 allen
1246 5177 1444 5249 corpemeldten
1464 5173 1716 5244 Areteata‚1·ntam
1741 5173 1868 5227 Tlaeilnn
1958 5239 1962 5248 .

276 5263 391 5331 scitor,
414 5283 481 5337 qnae
505 5266 626 5338 alioquin
653 5265 682 5318 in
700 5281 766 5319 eam.
786 5265 878 5318 statim
905 5275 962 5318 mat
986 5281 1050 5317 con·
1101 5265 1155 5318 dos
1179 5263 1357 5333 Kayserliclre
1379 5259 1636 5318 commendarint
1661 5279 1693 5313 su
1717 5257 1867 5330 appelliren
1946 5315 1951 5324 Ι

276 5351 424 5411 ¹reraieuds·
444 5352 562 5406 Mediam
583 5363 670 5406 tamen
689 5349 844 5405 senteutiam
857 5347 977 5420 aequitati
991 5366 1053 5402 con·
1105 5349 1260 5415 engelnssen
1287 5363 1364 5418 reyn.
1390 5347 1463 5400 llaec
1489 5347 1561 5399 euius
1591 5345 1721 5417 primaria
1750 5343 1868 5394 intentio

288 5438 513 5494 scelestissimam
533 5439 671 5507 existimo,
692 5445 812 5509 sumptus
831 5435 863 5488 ab
876 5445 964 5505 utroq:
980 5445 1054 5506 parte
1107 5435 1158 5490 fuit
1173 5435 1289 5489 concessi
1308 5429 1405 5500 jotieit
1425 5431 1630 5500 iustregarum,
1650 5439 1679 5484 ot
1696 5429 1736 5482 ita
1758 5427 1867 5482 ordines
