4504 6344
361 465 414 534 tu·

291 568 398 622 sutura
416 577 440 620 et
460 565 588 636 speciales
599 563 804 620 cousrartudincs
817 583 869 621 non
881 567 989 632 decisis,
1001 584 1055 621 uon

292 651 442 716 saxonico,
457 649 656 720 caenomani
675 651 735 718 jure
760 650 817 717 uti,
838 661 978 706 attestante
1001 649 1053 703 Er·

291 751 358 794 nest·
379 737 485 791 Cothrn.
505 741 634 806 stupeas.
650 738 707 808 jur.
731 738 790 790 Vol.
811 749 834 790 t.
853 740 935 808 Hesp.
966 751 1008 791 tt.
1027 755 1054 792 ιι.

293 833 336 875 ca.
354 834 381 876 ee
392 839 420 876 ιι.
441 833 482 876 ιιι.
502 833 528 874 et
544 822 621 874 mult.
640 837 711 893 seqq.
724 832 752 876 ut
762 820 859 875 exinde
871 823 901 874 iu
914 822 962 875 bac
974 835 1053 892 quoq3

292 907 417 973 testeris,
437 909 459 960 si
479 907 613 963 diuersum
631 916 760 960 statutum
779 923 831 960 non
843 907 1000 977 reperiatur,
1015 909 1055 975 ju-

293 999 339 1046 xta
358 991 463 1046 feudale
480 994 524 1062 jus
543 1005 682 1045 commune
701 989 738 1043 sit
756 991 998 1059 pronunciandum.

308 1076 363 1133 ‘Et
390 1093 550 1148 quamquam
574 1078 605 1130 iu
629 1078 674 1131 bis
698 1075 787 1130 leudis
805 1079 937 1144 siupaiare
954 1073 1056 1145 aliquid

292 1160 416 1217 obtinere
435 1171 548 1218 statuant
565 1163 657 1229 multi,
677 1163 742 1218 adcc
759 1163 886 1236 quidem,
905 1174 933 1217 ut
950 1163 982 1215 sd
999 1161 1056 1214 ien-

294 1241 326 1296 da
344 1247 464 1299 rnomsiu
478 1245 569 1299 entem
588 1247 688 1301 referre
706 1265 758 1301 ncn
777 1247 940 1309 dubitarint3
954 1245 1055 1296 Partim

294 1329 365 1397 quod
384 1339 478 1384 namra
497 1329 572 1384 leudi
593 1331 785 1398 destituantur,
811 1331 875 1382 dtnn
898 1345 953 1381 non
978 1327 1057 1393 gratis

294 1413 401 1476 collata,
419 1415 467 1467 sed
484 1423 555 1468 certa
573 1415 684 1486 pecunia
701 1413 898 1468 interveniente
916 1413 1056 1482 plerumq;

294 1499 450 1562 constitutaa
470 1501 569 1570 partim
591 1501 687 1563 etiarn,
706 1499 775 1570 qnod
794 1498 849 1551 aeri
868 1497 955 1550 alieno
980 1494 1058 1548 obnc·

295 1581 353 1644 xia3
374 1581 420 1634 scd
439 1583 536 1636 exinde
555 1583 588 1636 sul
607 1583 714 1636 totalem
727 1583 862 1636 leudor'nm
878 1581 995 1634 indolem
1013 1579 1058 1632 de·

295 1665 450 1720 struendam
463 1667 581 1720 noudum
593 1667 684 1722 iicebit
695 1667 879 1735 argumentari,
892 1665 990 1736 quippe
1003 1663 1059 1716 scu·
1091 1699 1096 1712 .

296 1751 360 1805 dum
385 1763 457 1806 certa
483 1754 612 1825 pecnmae
636 1767 739 1806 summa
764 1753 923 1824 acquisitum
952 1750 1057 1804 feudum

292 1855 395 1906 qnoque
412 1853 486 1904 esse,
505 1839 599 1894 asserit
617 1838 743 1893 Sonsbcc.
767 1839 856 1892 Troes.
874 1838 908 1890 de
927 1838 1010 1890 Fend.
1023 1841 1058 1890 Ρ.

297 1929 321 1972 2.
340 1937 368 1971 ιι.
388 1931 413 1972 t.
431 1938 493 1973 cunt
512 1922 630 1990 pretium
650 1921 694 1974 bic
713 1939 766 1974 non
783 1917 908 1975 beneficii
928 1921 1058 1986 eliccndi,

296 2002 342 2054 sed
366 2004 554 2056 remunerandi
579 2021 654 2059 causa
678 2015 816 2059 censeatur
847 2003 938 2056 datum
970 2003 1059 2058 Libor.

294 2085 427 2139 flattiscr.
445 2092 559 2158 synope.
578 2089 695 2144 Feudul.
720 2109 744 2142 c.
764 2101 789 2142 t.
807 2089 847 2142 tit.
855 2087 887 2157 fl
906 2100 931 2142 et
947 2087 1012 2142 binc
1030 2088 1059 2140 in

294 2171 417 2241 pluribus
434 2171 548 2224 textibus
566 2171 642 2226 leuda
660 2173 811 2227 interventu
822 2171 949 2242 pecumam
960 2171 1060 2224 consti·

295 2255 335 2310 tui
355 2255 492 2322 dicantur,
509 2267 541 2310 ut
559 2259 591 2314 G.
610 2258 638 2311 ιἰι
646 2253 705 2326 fin.
725 2256 757 2312 de
775 2256 818 2309 isis
834 2251 967 2327 quiseud.
991 2271 1060 2325 poss.

295 2340 355 2393 dur.
375 2350 396 2392 1.
412 2341 446 2392 F.
461 2353 484 2394 1.
498 2359 521 2394 e.
538 2353 559 2394 1.
574 2343 607 2395 de
621 2341 707 2395 Fecsti.
727 2341 831 2395 Guord·
853 2353 875 2393 t.
893 2339 929 2391 F.
945 2349 1008 2396 1.,ιι1
1020 2338 1060 2392 sit.

296 2435 321 2476 ι.
337 2435 379 2477 ιι.
393 2435 435 2477 ao.
450 2417 477 2479 ἰι
489 2435 531 2480 ιι.
546 2427 579 2479 F.
595 2438 618 2478 ι.
633 2435 662 2482 ιιι
674 2435 700 2479 ιι
714 2435 738 2476 ι.
751 2426 788 2478 F.
799 2434 818 2475 ι.
836 2433 912 2478 ana.
932 2423 985 2475 lin.
999 2423 1061 2504 tha.

294 2512 419 2584 Kbppen.
442 2513 586 2570 observat.
600 2513 657 2583 J'ttr.
675 2512 789 2586 fierdai.
818 2511 926 2568 Obsera.
946 2523 969 2564 t.
989 2529 1017 2564 rt·
1037 2523 1060 2564 t.

297 2609 321 2652 1.
344 2607 371 2653 et
393 2599 467 2671 seqq'.
487 2600 620 2666 Alterum,
639 2599 710 2670 quod
729 2597 784 2651 seri
802 2597 889 2651 alieno
907 2597 962 2649 sict
979 2597 1062 2650 obno-

295 2680 350 2750 xia,
368 2693 396 2737 et
410 2683 482 2754 quod
501 2701 636 2738 successor
650 2683 720 2737 ieudi
737 2682 856 2737 defuncti
869 2681 972 2737 vassalli
986 2680 1061 2734 debi-

295 2780 338 2833 ιιι,
368 2769 397 2822 ἰιι
426 2767 556 2822 deiectum
585 2768 716 2822 bonomm
734 2767 907 2832 allodialnm,
933 2781 965 2820 ex
983 2765 1060 2819 bonis

783 467 831 522 DE
849 467 1007 524 OBJECTO
1027 469 1172 524 caston.
1190 469 1228 524 lli
1248 468 1370 524 sobet.

1740 469 1793 534 aaa

1107 567 1179 623 cutio
1204 585 1239 621 su
1262 568 1349 642 possit
1365 559 1429 618 lieri
1445 557 1573 632 ulterius,
1594 565 1673 636 qnam
1690 564 1775 636 quoad
1795 564 1867 620 imdi

1107 654 1324 718 commoditates,
1344 651 1445 707 videtur
1461 648 1588 720 dubium,
1602 651 1780 708 ereditatibus
1792 653 1867 704 enisu

1106 740 1208 793 tamdiu
1224 739 1372 808 adjudicari
1392 737 1498 792 seudum
1517 740 1593 806 solet,
1613 741 1696 794 ἁοιιω
1707 739 1776 811 ipsis
1789 741 1868 798 ntis·
1894 759 1896 764 ·

1108 821 1226 888 iactum,
1245 825 1315 894 qnod
1334 822 1426 877 Praxis
1443 824 1607 893 comprobet.
1627 817 1680 878 Sed
1698 824 1722 878 si
1740 825 1774 880 de
1790 819 1868 881 setado

1109 907 1273 977 simpliciter
1290 909 1321 961 in
1339 909 1451 962 solutum
1470 907 1556 965 dando
1573 919 1676 980 agatur,
1700 910 1760 966 bec
1772 911 1868 967 rideli-

1106 1001 1147 1044 cet
1164 991 1276 1057 ellectu,
1294 1003 1321 1045 ιιι
1338 992 1405 1046 utile
1418 991 1568 1048 dominium
1582 993 1611 1046 iu
1624 991 1770 1048 creditores
1782 1003 1869 1048 trans·

1112 1075 1226 1143 suatur,
1252 1089 1278 1133 et
1301 1078 1407 1132 debitor
1429 1080 1552 1134 vassallus
1576 1097 1634 1134 esse
1655 1078 1775 1146 desinat,
1798 1093 1870 1137 certe

1108 1161 1233 1230 specialis
1250 1179 1280 1216 ac
1296 1179 1438 1234 expressus
1455 1179 1597 1218 consensus
1615 1165 1751 1238 Principis
1768 1167 1870 1223 ridetur

1111 1245 1295 1312 adhibendus,
1323 1258 1436 1319 propter
1466 1249 1526 1315 itta,
1549 1267 1618 1321 quae
1641 1253 1761 1323 superius
1778 1273 1806 1308 ιι.
1830 1265 1869 1308 ts.

1108 1326 1195 1383 ludus
1212 1330 1331 1385 adducis.
1352 1333 1406 1386 Sed
1424 1335 1526 1404 placuit
1542 1344 1631 1389 tames
1648 1337 1721 1390 eliud
1741 1339 1871 1396 sereniss.

1109 1411 1189 1467 Illectt
1207 1414 1407 1486 Brundetaburg.
1425 1418 1489 1472 dum
1500 1419 1693 1490 benignissime
1711 1423 1872 1480 resolutione

1109 1497 1258 1554 libertatem
1277 1501 1425 1556 nobilitatis
1444 1505 1631 1560 Pomerauicae
1648 1505 1719 1562 circs
1737 1523 1783 1562 sua
1794 1507 1873 1562 ieuds
1899 1524 1902 1539 ·

1110 1589 1138 1633 et
1155 1580 1206 1634 buc
1223 1599 1293 1654 usqe
1312 1586 1451 1640 extendere
1468 1589 1564 1652 soluit,
1583 1600 1613 1644 ιιι
1630 1590 1745 1646 creditor
1760 1593 1815 1659 ille,
1827 1595 1871 1649 cui

1111 1661 1140 1714 iu
1164 1666 1276 1720 solutum
1295 1666 1355 1722 dats
1373 1672 1414 1724 sel
1431 1671 1578 1741 adjudicata
1595 1674 1698 1731 luerint
1715 1675 1803 1744 leuda,
1822 1699 1871 1734 uo-
1895 1701 1900 1706 ·

1109 1763 1170 1798 vum
1188 1751 1509 1824 consensum-impetrare
1527 1774 1662 1812 necessum
1686 1778 1740 1814 nou
1762 1760 1871 1826 babeat,
1901 1796 1903 1804 ι

1111 1828 1136 1880 si
1165 1829 1199 1883 ab
1230 1832 1313 1888 initio
1340 1837 1369 1889 in
1392 1837 1578 1908 obligationem
1595 1840 1677 1896 luerit
1694 1861 1873 1910 cousensuma
1900 1857 1904 1867 '

1114 1914 1202 1971 Verba
1220 1915 1284 1972 baec
1301 1930 1377 1974 snut:
1400 1923 1464 1977 Liuii
1479 1925 1621 1980 erttaerea
1633 1927 1691 1982 eleb
1703 1927 1740 1981 ιἰιι
1760 1931 1873 2002 librigen
1897 1949 1902 1962 ·

1109 1997 1139 2050 in
1159 2001 1278 2057 Gaudeat
1291 2005 1390 2073 dobin,
1413 2006 1488 2074 dues,
1502 2010 1536 2063 ob
1550 2013 1664 2066 iwerin
1683 2015 1816 2082 Facilest,
1837 2019 1873 2073 du
1901 2031 1904 2038 '

1110 2081 1157 2136 das
1167 2087 1340 2143 laebnberren
1347 2093 1474 2148 cansam
1482 2091 1602 2162 effuderi
1614 2093 1689 2163 mirsi,
1697 2100 1804 2155 solades·
1814 2103 1876 2157 dur·
1895 2111 1900 2118 '

1113 2165 1147 2218 cb
1170 2169 1351 2230 Gericbtb'cbe
1363 2175 1481 2230 Decreta
1494 2179 1554 2230 und
1563 2173 1805 2236 sententiantium
1818 2188 1873 2240 kun
1900 2201 1905 2214 ¹

1110 2251 1240 2322 suppliter
1254 2254 1374 2324 nucea,
1393 2262 1440 2314 Sir
1451 2262 1576 2316 dennccb
1594 2263 1622 2318 ιἰι
1641 2265 1877 2337 Gnadeugescbe·
1903 2287 1904 2294 ¹

1111 2333 1163 2390 tea
1176 2335 1268 2394 iassen
1284 2336 1397 2407 celleri,
1418 2345 1497 2411 does,
1515 2365 1592 2403 uena
1618 2347 1678 2418 uos
1692 2352 1793 2406 corbin
1811 2369 1895 2408 con-³

1111 2418 1239 2476 sentia-ete
1256 2417 1445 2495 Obliputs'ones
1462 2429 1491 2482 in
1511 2429 1571 2484 dent
1589 2431 1894 2492 maor-pammac

1112 2505 1179 2559 eben
1197 2505 1486 2586 Ilbjpericdte'eiaige
1504 2519 1599 2570 debus
1610 2517 1678 2571 oder
1690 2521 1878 2578 marsnam
1903 2551 1907 2560 ·

1107 2589 1238 2678 jemandc
1251 2596 1393 2662 aduraim,
1406 2601 1463 2654 und
1474 2594 1583 2656 endlied
1596 2606 1747 2660 suerkundt
1759 2609 1876 2675 werden,

1113 2672 1243 2732 derasus
1256 2679 1380 2735 eonem
1397 2681 1465 2736 tiber
1481 2687 1613 2740 umbones·
1628 2689 1810 2755 Alienation,
1829 2693 1879 2747 wie
1908 2707 1912 2714 '

1113 2775 1142 2814 es
1159 2774 1237 2816 sonet
1255 2767 1327 2820 uolat
1342 2772 1484 2824 Recbteals'
1494 2789 1593 2837 muers,
1614 2775 1673 2827 und
1688 2776 1716 2828 in
1735 2781 1876 2836 Sr-Cbur·

293 2854 443 2908 feudalibus
460 2855 712 2918 solueretaneatur,
725 2849 832 2906 ‘eertum
851 2851 972 2922 quidem,
987 2862 1011 2905 et
1023 2863 1060 2904 te·
1101 2843 1203 2912 faust.
1219 2851 1333 2906 Durebl.
1350 2853 1578 2912 cair-tuendam
1597 2859 1713 2929 taeglicb
1730 2864 1879 2920 obsemirrt
1905 2873 1911 2882 '

294 2939 454 2997 stimonium
469 2940 623 3011 exceptione
633 2939 718 3007 majus
731 2937 841 3008 praebet
853 2939 884 2990 li.
896 2938 1061 2992 Dn.Cclbrn.

243 3013 245 3020 ’
299 3023 361 3076 Vol.
375 3035 399 3076 t·
419 3027 554 3092 Respons.
577 3034 618 3076 at.
637 3043 665 3077 ιι.
687 3035 727 3076 ts.
745 3021 808 3075 baec
826 3031 913 3075 tamen
932 3022 1060 3093 irregula-

295 3109 358 3162 ritas
377 3108 445 3162 ultra
465 3107 536 3162 bunc
555 3125 647 3162 essum
665 3123 718 3160 non
739 3105 922 3171 extendenda,
942 3109 989 3160 sed
1014 3125 1061 3178 po·
1082 3099 1083 3102 ¹

294 3195 348 3247 tius
368 3193 397 3246 in
416 3195 478 3248 aliis
496 3193 572 3248 leuda
594 3194 763 3248 pomeranica
782 3203 919 3257 naturam.
938 3193 1061 3248 substan-

295 3280 361 3332 tiam
380 3289 405 3333 et
421 3279 575 3349 qualitatem
590 3277 720 3332 feudalem
734 3275 847 3332 firmiter
860 3278 978 3332 retinere
989 3296 1060 3332 asse·

301 3365 412 3418 sendum
423 3381 473 3434 per
486 3380 509 3419 c.
529 3376 551 3416 1.
563 3366 597 3418 de
598 3361 680 3434 fiad.
691 3381 747 3416 ιιοιι
762 3361 1002 3433 bubprcprfiud.
1010 3383 1061 3420 nu·

295 3454 348 3503 ιἰιι.
364 3461 387 3502 ι.
399 3451 434 3502 F.
449 3459 491 3503 11.
504 3465 566 3504 cum
585 3451 638 3502 Du.
658 3447 826 3502 Cotbnaanno
844 3445 869 3500 ά.
889 3453 967 3518 Hesp.
980 3461 1021 3504 tt.
1034 3469 1062 3504 ιι.

300 3545 341 3584 ιι.
359 3543 386 3585 ιι
407 3543 447 3586 tt.
472 3547 545 3604 seqq.
564 3533 674 3588 interim
701 3531 817 3596 dixeris,
844 3530 1062 3602 distinguendum

296 3628 384 3670 tamen
402 3615 434 3668 ad
453 3617 598 3670 minimum
618 3633 676 3671 esse
701 3617 773 3670 inter
798 3615 873 3668 leuda
899 3617 1009 3687 propria
1035 3627 1062 3670 et

295 3703 505 3771 recognitnanam
517 3701 566 3755 boc
579 3701 799 3756 chomeranicis
811 3701 896 3754 leudis
914 3706 1062 3757 communi·

295 3799 335 3842 ter
353 3796 485 3850 asserunt,
503 3785 573 3855 quod
592 3787 726 3857 recognita
740 3787 807 3851 sint,
820 3785 848 3837 id
863 3789 997 3857 est,quod
1015 3790 1061 3843 l‘c·

296 3873 399 3926 merani
418 3857 636 3941 recognoverint,
649 3887 691 3924 res
706 3887 764 3924 suas
778 3871 897 3943 proprias
912 3889 939 3924 se
953 3893 967 3927 ι
981 3873 1060 3926 Priu-

297 3960 356 4030 ἀρε
374 3955 457 4011 Feudi
476 3958 586 4010 nornine
604 3965 695 4009 tenere
714 3965 738 4008 et
754 3953 907 4025 possidere,
926 3968 1003 4026 prout
1017 3975 1062 4011 re-

299 4045 477 4113 cognitionem
509 4039 640 4095 describit
670 4039 800 4110 budolpb.
831 4039 940 4094 Schrad.
974 4043 1062 4095 Truet.

298 4127 383 4183 Feud.
398 4131 433 4183 P.
454 4139 477 4178 s.
491 4143 514 4180 c.
530 4137 554 4178 s.
568 4143 597 4178 ιι.
613 4137 636 4178 s.
657 4127 709 4180 Sed
729 4137 753 4180 et
772 4125 836 4180 baec
852 4125 999 4194 recognitio
1023 4135 1064 4180 cst

294 4213 377 4284 buius
395 4209 544 4276 eilicaciae,
565 4213 645 4266 modo
663 4214 692 4266 in
711 4211 811 4281 judicio
834 4212 979 4268 deliberato
999 4213 1063 4270 lacta

299 4299 351 4360 sil,
378 4307 408 4350 nt
431 4313 474 4350 res
495 4297 604 4368 propria
626 4299 664 4352 ita
689 4297 801 4353 leudulis
827 4293 874 4352 fiat
896 4314 943 4367 per
967 4299 1063 4352 tradita

299 4377 439 4434 Schraderi
460 4382 486 4434 d.
504 4383 522 4433 1.
536 4402 564 4435 ιι.
578 4391 601 4435 ι.
620 4393 647 4436 ut
665 4395 713 4435 ncc
733 4383 772 4435 sic
787 4381 876 4434 Feuda
890 4381 1062 4437 Pomeraniae

297 4466 438 4520 feudorum
469 4465 560 4520 indole
580 4459 707 4538 privanda
736 4467 800 4520 sint.
825 4465 958 4536 Quicquid
977 4479 1062 4520 umen

296 4553 375 4621 hujus
393 4553 431 4604 rei
452 4551 501 4617 sit,
520 4551 549 4604 id
566 4563 675 4617 certum,
695 4552 750 4605 ueri
769 4553 857 4605 alieno
874 4549 987 4604 obnoxia
1007 4569 1064 4604 csse

296 4635 386 4690 Fetada
412 4637 595 4703 pomeranica,
617 4637 737 4709 quamvis
760 4655 902 4691 consensus
928 4635 1063 4708 Principis

299 4738 353 4774 non
372 4723 512 4776 secesserit
531 4721 691 4792 pertendite
710 4720 870 4776 Cotbmanni
888 4721 914 4774 d.
929 4725 1006 4790 Hesp.
1022 4731 1062 4772 tt.

299 4825 329 4858 ιι.
347 4816 387 4858 ιι.
399 4816 425 4859 et
436 4821 509 4877 seqq.
522 4803 575 4859 Sed
593 4821 625 4858 an
644 4822 674 4858 ea
700 4815 806 4875 propter
824 4805 853 4856 iu
873 4803 986 4857 solutum
1006 4801 1065 4854 duri

297 4891 405 4960 possint
423 4891 572 4946 inconsulto
592 4890 733 4962 Principe,
753 4889 801 4943 boc
820 4889 865 4941 bic
884 4887 1062 4940 decidendum

297 4975 377 5029 foret.
395 4973 450 5030 Sed
467 4991 523 5028 rem
543 4991 574 5029 ex
594 4973 775 5047 superioribus
793 4989 846 5026 non
865 4970 929 5025 adeo
953 4969 1061 5025 dubiam

297 5081 355 5116 csse
372 5063 566 5116 existimamus.
586 5061 615 5113 ld
634 5060 708 5114 enim
726 5059 894 5114 concedimus
913 5057 1013 5124 luciles,
1031 5057 1062 5111 in

297 5149 374 5202 leude
394 5149 564 5202 Pomaranica
582 5150 765 5200 executionem
783 5141 844 5198 lieri
863 5161 939 5216 posse
952 5153 1063 5214 propter

298 5233 404 5294 debita:
424 5233 494 5286 litun
514 5233 587 5285 enim
606 5231 671 5284 baec
689 5231 718 5281 in
737 5230 792 5281 illis
811 5229 926 5282 radicari
939 5237 1060 5300 possunt,

297 5327 324 5368 et
345 5317 470 5370 executio
489 5319 594 5386 quoque
611 5317 642 5368 in
669 5313 758 5368 eadem
778 5311 854 5365 leuda
874 5311 1060 5377 concedenda,

297 5401 415 5474 elloquio
434 5401 561 5474 obturato
582 5400 652 5460 sorel
669 5400 782 5458 inutilis.
796 5399 876 5453 liaeo
890 5407 981 5453 tamen
999 5415 1059 5453 exe·

1113 2931 1194 2998 nied,
1213 2934 1266 3004 bey
1282 2935 1331 2991 sier
1341 2935 1599 3013 bellus-Contseley'
1610 2942 1639 2996 ιἰι
1650 2935 1808 3002 'Panamara
1821 2951 1879 3004 kei·

1113 3033 1166 3070 nen
1196 3019 1340 3087 contens,
1367 3023 1485 3076 scudem
1515 3043 1572 3080 nur
1592 3027 1633 3080 die
1650 3029 1827 3102 Beleianunge
1847 3035 1876 3089 in
1906 3047 1909 3054 ’

1111 3101 1373 3174 μΙιοενίμιἚήιι
1397 3110 1502 3163 sorbeat»
1526 3107 1624 3180 ddaffe.
1643 3114 1812 3184 Cduajlirstl.
1830 3120 1880 3173 rien

1113 3189 1295 3242 Pomriscben
1329 3191 1492 3264 Deputirten
1512 3197 1633 3266 pegasea
1656 3201 1817 3256 lleeclntion
1847 3204 1879 3258 de
1907 3219 1911 3227 ’

1114 3271 1180 3327 doto
1197 3271 1338 3330 Coeln'cn
1355 3277 1500 3348 derc‘pree'
1511 3279 1561 3334 den
1584 3293 1624 3335 ta.
1638 3283 1779 3339 Decemdr.
1791 3285 1878 3344 Anno

1124 3369 1200 3412 teet.

1150 3430 1246 3486 Eadem
1267 3431 1410 3491 ierecirca
1431 3435 1570 3496 feudorum
1595 3437 1625 3490 in
1649 3441 1877 3500 solutumdstic-

1114 3533 1175 3570 nem
1195 3517 1224 3570 in
1244 3518 1350 3575 Ducant
1367 3525 1564 3594 illegapolitano
1580 3524 1770 3596 observentur,
1782 3533 1844 3602 quia
1855 3545 1882 3589 et

1115 3601 1154 3652 ibi
1174 3598 1252 3666 feuda
1272 3605 1328 3660 aeri
1346 3607 1433 3660 alieno
1452 3609 1606 3678 subjacent,
1623 3622 1652 3664 et
1676 3627 1816 3688 eapropter
1839 3622 1880 3672 ael

1113 3686 1207 3752 rendi,
1226 3689 1266 3742 ael
1283 3690 1313 3742 iu
1331 3694 1447 3746 solutum
1467 3693 1542 3760 dari,
1561 3695 1601 3748 rel
1620 3696 1792 3755 alienatione
1815 3705 1880 3757 alic-

1115 3773 1175 3826 nsri
1194 3783 1319 3843 possunt,
1338 3794 1463 3832 crmcessa
1484 3789 1576 3833 tamen·
1589 3783 1691 3851 agnetis
1703 3791 1881 3858 praerogaliaa
1910 3809 1913 3830 ι

1115 3875 1146 3912 ac
1165 3867 1310 3928 potestate.
1324 3859 1433 3916 seudum
1446 3862 1479 3916 ab
1492 3869 1762 3939 emptorerepetendi
1776 3881 1802 3925 et
1820 3894 1881 3946 pre-

1115 3943 1182 3998 lium
1208 3945 1351 4009 solvendi,
1379 3947 1542 4002 sicutidem
1563 3958 1676 4004 testatur
1694 3968 1771 4026 saepe
1787 3957 1881 4013 citatus
1911 3981 1913 3986 ·

1114 4026 1167 4078 Dn.
1187 4025 1290 4080 Cotbm.
1310 4029 1337 4081 d.
1352 4032 1414 4084 'vob
1435 4045 1458 4085 s.
1478 4049 1545 4102 resp.
1568 4047 1607 4088 tt.
1626 4027 1655 4091 ιι.
1673 4050 1702 4089 ·1.
1716 4051 1742 4093 et
1760 4047 1788 4096 ri.
1801 4055 1833 4095 ''l.
1855 4057 1882 4100 et
1908 4051 1915 4082 ·“

1114 4125 1181 4181 resp·
1201 4121 1243 4164 tt·
1263 4131 1291 4165 ιι.
1314 4127 1372 4167 sse.
1392 4115 1436 4167 cni
1451 4115 1617 4187 'suffragatur
1636 4123 1726 4176 Joach.
1747 4121 1881 4200 Sebepliz.
1901 4160 1913 4169 ··

1115 4197 1276 4250 emmeant.
1289 4196 1347 4266 jur.
1355 4196 1439 4266 field.
1460 4211 1487 4254 et
1504 4204 1568 4258 ctu.
1586 4201 1671 4259 linfa.
1682 4203 1715 4278 ᾖ.
1727 4197 1760 4261 ''⁷-
1785 4231 1812 4267 ιι.
1840 4226 1881 4266 ιι.
1897 4221 1913 4250 '1

1114 4279 1192 4334 idern
1211 4281 1244 4335 de
1263 4281 1375 4347 Silesin,
1394 4285 1465 4352 quod
1486 4285 1525 4338 ibi
1542 4291 1742 4360 quoque'ieuda
1767 4311 1798 4347 ex
1823 4299 1879 4350 sin·
1919 4309 1950 4354 te

1114 4364 1198 4433 gulari
1218 4365 1356 4435 privilegio
1373 4368 1499 4435 alienari,
1520 4380 1546 4425 et
1559 4389 1779 4446 perconsequens
1792 4381 1820 4433 in
1836 4401 1878 4436 sc·

1115 4455 1201 4508 lutum
1219 4455 1278 4508 dari
1297 4456 1417 4527 possint,
1437 4459 1678 4516 semiana-coh.
1694 4463 1806 4537 chpcu
1821 4469 1878 4523 De-

1114 4540 1161 4593 cie.
1179 4561 1204 4612 q.
1222 4551 1267 4596 ss.
1289 4559 1317 4593 ιι.
1338 4552 1379 4592 aa.
1398 4552 1412 4580 ’-

1151 4623 1280 4677 Adductls
1297 4641 1358 4694 ergo
1372 4626 1427 4681 bae
1440 4625 1551 4685 vratione
1569 4625 1742 4702 quommdanr
1760 4629 1879 4692 locorum
1919 4653 1950 4696 2t

1115 4711 1367 4780 consuetudinibus;
1384 4715 1419 4768 ad
1437 4716 1481 4784 jus
1501 4715 1606 4772 iendaie
1618 4735 1758 4774 commune
1770 4723 1882 4779 redeun-

1115 4796 1178 4850 dum
1197 4797 1357 4862 iterumset
1373 4799 1487 4854 alterutri·
1505 4799 1690 4858 distinctionis
1710 4807 1833 4879 superius
1853 4831 1880 4864 ιι.

1116 4893 1139 4934 ι.
1159 4883 1314 4954 propositae
1329 4885 1481 4941 membrum
1501 4887 1534 4944 de
1553 4888 1682 4944 fructibus
1702 4889 1795 4959 leudi,
1816 4913 1878 4947 eno·

1113 4968 1293 5022 dandumzbu
1312 4971 1435 5026 vassallus
1453 4971 1555 5028 fructus
1572 4973 1645 5029 leudi
1658 4976 1686 5030 in
1700 4979 1816 5032 solutum
1832 4979 1880 5032 da-

1114 5072 1144 5109 re
1161 5055 1261 5126 possit,
1285 5054 1339 5110 sire
1358 5057 1591 5124 commoditatem,
1609 5079 1687 5132 quarn
1707 5065 1805 5117 exinde
1824 5085 1882 5137 per-

1114 5139 1193 5212 cipit?
1211 5139 1370 5213 Expeditum
1388 5151 1445 5208 est,
1463 5145 1534 5214 quod
1555 5145 1663 5217 possit,
1684 5147 1746 5200 licet
1766 5167 1813 5200 ner.
1832 5149 1879 5204 do-

1112 5228 1218 5290 minus,
1236 5239 1283 5280 nec
1302 5229 1405 5297 cognati
1426 5232 1610 5290 conterminata
1635 5233 1732 5301 qnippe
1759 5231 1787 5284 bl
1813 5235 1880 5300 juris

1113 5311 1308 5366 usufructuario
1327 5329 1496 5379 concessum,
1516 5327 1545 5369 nt
1564 5316 1649 5370 inrito
1661 5315 1739 5369 etiarn
1757 5321 1877 5388 proprie·

1114 5399 1196 5470 taric,
1218 5415 1270 5454 noc
1289 5398 1331 5468 jus
1341 5397 1522 5471 ususfructus,
1542 5400 1587 5456 sed
1600 5403 1816 5459 commoditatem
1831 5421 1880 5476 pro

1918 3463 1948 3508 tt
