4424 6340
299 1068 333 1110 10

308 1838 335 1879 ll

446 465 491 500 tct

373 545 501 604 tmmenct
520 543 608 617 pretia
627 552 788 609 accrescant,
806 551 834 596 et
851 541 922 594 cives
935 543 967 596 ab
980 543 1039 613 ipso
1052 541 1138 594 carius

369 651 457 688 emere
469 641 604 702 cogantur,
624 631 725 700 dequo
745 629 773 682 in
791 646 852 698 cup.
872 639 895 680 ι.
916 645 980 697 quos
1000 637 1139 698 propterea

366 716 502 772 lethaliter
520 731 627 787 peccare
645 713 715 766 dicit
732 713 835 766 ltlolina
855 711 881 765 d.
899 713 983 782 cop.
997 721 1059 765 stt.
1070 731 1098 765 u.
1114 725 1139 764 ι.

369 801 416 854 ubi
435 801 464 854 in
482 816 538 872 aeq.
557 819 585 852 n.
606 809 631 851 c.
650 815 683 850 ex
702 798 796 852 eodem
821 797 964 851 ratiocinio
989 797 1136 850 concludit:

367 885 580 941 Dardanurium
606 884 725 956 aliquem
749 903 807 937 uon
833 881 923 954 effici,
948 881 1010 935 licet
1034 892 1142 937 coemat

357 969 489 1042 fructur,
512 969 621 1023 licerio
641 977 744 1041 tempus
764 971 898 1040 penuriae
923 979 1056 1034 assereret,
1079 969 1142 1022 licet

370 1057 471 1110 tabeat
489 1054 613 1110 animum
626 1055 716 1108 corius
729 1055 868 1108 vendendi
883 1065 911 1108 et
926 1055 1068 1114 lucramur
1082 1056 1140 1108 [loc

369 1141 451 1204 enim,
469 1140 493 1192 si
512 1157 566 1192 non
584 1137 780 1203 concederetur,
798 1142 844 1191 vix
862 1157 1018 1208 quemquam
1039 1155 1138 1190 merea-

373 1236 463 1278 torum
481 1243 497 1276 a
515 1221 678 1276 Dardauaria
704 1223 850 1277 immunem
874 1221 933 1277 uto
954 1220 1142 1276 inveniremus.

371 1310 441 1363 Illud
454 1319 542 1362 tamen
561 1309 597 1361 ita
616 1308 758 1380 procedere
771 1318 861 1379 putat3
876 1307 961 1360 Modo
969 1307 1044 1376 jroto
1054 1305 1141 1375 pretio

373 1395 494 1450 currenti
516 1406 641 1462 coemat,
665 1405 691 1448 et
715 1393 821 1448 vendut
840 1405 936 1464 posteo
957 1393 1031 1462 justo
1054 1393 1141 1464 pretio

373 1482 455 1536 etiam
467 1480 595 1544 currenti,
611 1497 697 1550 neque
710 1479 901 1549 impedimento
914 1478 1030 1548 siugulis
1043 1478 1076 1530 cle
1089 1481 1143 1530 Ile·

370 1565 469 1636 public.
480 1563 524 1626 sit,
538 1574 660 1634 tempore
678 1564 865 1618 atrmtaoo'oe
878 1580 965 1616 emere
980 1561 1143 1626 necessario,

374 1662 424 1704 uret
440 1650 518 1718 copia
531 1647 778 1720 rncguofrumeuti
789 1657 911 1720 coempto
924 1659 1080 1718 augeantur
1086 1663 1145 1718 pre·

373 1737 413 1790 tio
433 1753 531 1790 rerum.
551 1737 622 1789 Hace
639 1738 694 1792 ille.

409 1827 464 1880 Nec
483 1824 663 1879 Dardanarius
686 1827 732 1878 ille
754 1825 896 1888 dicendus,
922 1823 964 1876 cui
983 1839 998 1872 a
1017 1817 1143 1888 Principe

376 1909 485 1963 lieentia
502 1909 638 1963 coemendi
658 1909 860 1979 asservandique
880 1907 1011 1961 frumenta
1030 1903 1059 1956 in
1079 1912 1144 1956 tem·

377 2013 426 2065 pus
445 1995 578 2049 Caristiae
595 1993 758 2048 moreditur.
780 1997 812 2044 V.
831 1993 866 2043 G.
887 1993 916 2046 Si
934 1989 1031 2043 coritas
1051 1985 1144 2039 immi·

377 2089 439 2132 areat
457 2097 575 2134 annonae
594 2080 718 2141 maxima,
737 2077 819 2130 etiam
839 2077 899 2137 illa,
916 2091 982 2144 qrsae
1001 2072 1033 2124 de
1050 2074 1145 2123 Mono-

379 2165 450 2233 polio
467 2164 537 2217 dicta
555 2165 631 2234 paulo
649 2172 711 2214 aute
730 2171 807 2225 suot,
827 2161 871 2213 bio
889 2160 975 2211 locum
996 2155 1147 2206 habebunt:

380 2249 488 2300 Scilicet
499 2246 736 2318 possePrincipem
749 2245 819 2298 hanc
832 2253 989 2316 potescvtem
1003 2238 1147 2292 concedere

378 2331 545 2402 quibusdam,
559 2341 590 2382 ut
601 2329 630 2381 hi
644 2330 837 2381 communicato
856 2327 971 2380 consilio
984 2325 1147 2394 auxilioque,

379 2433 409 2468 ae
434 2415 584 2484 sumptibus
608 2415 676 2466 banc
700 2411 732 2466 ad
756 2431 811 2465 rem
840 2411 998 2465 necessariis
1022 2410 1146 2472 collatis,

379 2496 504 2570 quicquid
523 2497 668 2562 frumeuti,
692 2498 733 2550 rel
757 2497 822 2548 alias
847 2495 880 2550 ad
905 2497 987 2548 vitam
1005 2495 1148 2546 necessarii

379 2583 486 2654 possint
503 2582 674 2653 conquirere,
693 2591 829 2644 coemant,
844 2598 872 2632 ac
887 2580 915 2631 in
932 2589 1034 2648 tempus
1053 2577 1148 2630 arctio·

383 2669 422 2720 ris
447 2683 566 2720 annonae
591 2673 734 2719 asservent.
754 2665 814 2716 Nou
832 2673 919 2716 autem
944 2663 1083 2716 liberrima
1109 2663 1151 2716 his

379 2753 517 2808 coemendi
530 2752 639 2805 facultas
652 2749 828 2812 corruerimus,
839 2748 884 2801 scd
898 2745 1081 2816 restringenda
1095 2747 1150 2810 illa,

382 2841 463 2909 inque
475 2849 559 2892 certos
574 2834 715 2904 redigenda
733 2832 844 2897 limites,
862 2851 896 2885 ne
913 2833 943 2884 io
962 2831 1079 2903 proximi
1092 2848 1150 2884 rer·

382 2934 426 2988 got
443 2921 643 2983 detrimentum,
656 2937 716 2974 eum
734 2937 787 2970 uon
807 2921 890 2971 soleat
902 2917 1029 2988 Princeps
1043 2917 1071 2967 iu
1086 2916 1151 2969 alio·

382 3027 440 3061 rom
466 3015 655 3061 nocumentum
678 3002 849 3074 privilegium
868 3001 946 3055 alteri
964 3000 1113 3054 concedere.
1132 3001 1151 3050 1.

348 3095 351 3106 '
382 3097 439 3146 Nec
459 3107 532 3146 urus.
554 3101 577 3142 t.
596 3093 630 3146 C.
647 3089 672 3142 d·
690 3092 808 3143 Emouc.
833 3087 908 3140 liler-
929 3084 1050 3154 Reliquis
1076 3085 1150 3137 enirn

383 3177 465 3230 etiam
490 3177 593 3230 civibus
619 3173 703 3226 danda
730 3173 839 3227 licentia
858 3181 913 3234 est,
933 3169 1058 3232 emendi,
1077 3169 1150 3222 intra

381 3271 482 3314 certum
502 3271 589 3314 tamen
610 3269 724 3329 tempus,
737 3267 864 3328 quantum
880 3255 931 3308 sibi
946 3255 1053 3324 suisque
1072 3253 1150 3306 lami·

376 3347 422 3396 liis
435 3346 466 3397 ud
480 3346 635 3398 alimoniam
650 3344 825 3395 necessarium
838 3342 1004 3412 putaverint:
1019 3342 1075 3392 Hoc
1087 3349 1152 3392 tem·

383 3449 446 3499 pore
464 3431 658 3500 praeterlapso,
680 3426 784 3496 siquid
804 3426 938 3478 lructuum
960 3427 1091 3495 supersit,
1110 3423 1151 3478 rel

382 3516 410 3565 in
431 3515 564 3585 provincia
584 3515 692 3586 propria
707 3514 852 3584 Principis,
864 3515 907 3564 cel
921 3513 949 3564 in
962 3513 1060 3567 vicinis
1080 3525 1152 3567 exte·

384 3600 474 3670 risque
492 3599 557 3653 locis
576 3618 605 3653 ac
627 3598 799 3668 Regiouibus,
818 3598 864 3662 to,
881 3597 978 3668 quibus
997 3597 1026 3648 id
1043 3597 1151 3650 deman·

385 3683 477 3736 datum
506 3685 624 3738 muueris
643 3694 700 3751 est,
720 3701 852 3746 coemere,
871 3693 949 3752 atque
966 3685 1019 3747 ita,
1037 3701 1071 3736 ne
1089 3681 1153 3753 quid

386 3765 499 3836 deliquii
517 3767 635 3837 patiatur
654 3767 732 3838 Resp
753 3767 781 3819 iu
802 3777 906 3836 tempus
918 3767 1046 3819 Caristiac
1064 3784 1152 3820 asser-

390 3867 448 3901 vare
461 3860 582 3920 possunt.
595 3850 649 3902 vtx
665 3861 752 3902 tamen
767 3867 919 3912 assererem,
933 3850 977 3902 bis
990 3849 1066 3920 ipsis,
1079 3851 1152 3921 quasi

387 3935 572 3999 Ilardanariis,
589 3936 669 3990 licere
684 3937 735 3988 sibi
752 3939 867 4007 pretium
887 3935 1012 3988 asservati
1028 3934 1153 3989 immenti

387 4017 496 4088 proprio
515 4035 580 4070 ausu
598 4037 628 4072 ac
646 4019 727 4072 libitu
745 4021 921 4082 constituere,
941 4018 985 4071 sed
1004 4020 1093 4090 potius
1112 4039 1154 4072 su·

386 4099 499 4170 perieris
520 4099 568 4153 boc
588 4101 724 4153 incumbet
742 4121 818 4154 curae
837 4110 915 4171 atque
939 4102 1101 4173 provisioni,
1121 4119 1154 4154 ne

386 4185 503 4256 pretium
523 4185 675 4241 istiusmodi
695 4189 814 4256 justitiae
833 4188 941 4242 excedat
958 4189 1094 4241 cancellos.
1109 4189 1156 4241 ttta

385 4273 475 4340 itaque
487 4289 553 4340 quae
566 4290 627 4344 cup.
644 4275 766 4346 praeced.
785 4275 820 4326 de
837 4273 917 4345 pretii
934 4273 1157 4328 determinatione

385 4355 472 4419 dicta,
491 4356 536 4410 bic
553 4377 636 4428 quoq;
654 4358 866 4413 observationem
885 4370 1028 4412 tuerentur.

423 4439 504 4492 Aliud
533 4444 683 4514 exemplum
711 4445 869 4496 Dardanarii
900 4461 988 4498 revera
1013 4463 1066 4497 non
1094 4445 1153 4497 talis

385 4523 495 4578 exhibet
521 4527 600 4579 Sacer
620 4527 729 4591 Codex,
748 4527 859 4598 Josephi
885 4527 1027 4594 nimirum,
1048 4527 1081 4580 de
1102 4547 1153 4598 quo

390 4609 488 4660 Grues.
512 4627 571 4676 cop.
594 4619 636 4662 tt.
656 4627 726 4667 vers.
750 4621 789 4662 tc.
807 4626 863 4680 seq.
882 4609 935 4660 itte
953 4611 1046 4674 enim,
1073 4613 1095 4664 sl
1121 4629 1153 4665 ex

384 4691 471 4758 primo
489 4691 584 4745 obtutu
603 4692 711 4746 serenda
730 4693 873 4755 sententia,
892 4692 1003 4745 omuino
1017 4694 1151 4748 Dardana·

385 4774 486 4827 riornm
509 4777 723 4846 pronunciaodus
746 4786 816 4830 esset
841 4775 1018 4846 primicerius.
1044 4781 1151 4848 Septem

379 4859 452 4910 euim
470 4860 548 4911 antris
575 4857 769 4914 frumentorum
796 4859 869 4931 copia
893 4859 1151 4929 abundantissimis,

384 4941 550 5013 undiquaque
571 4951 669 4994 tautam
691 4942 817 4997 lrumeoti
837 4945 999 5015 comparavit
1016 4947 1150 5016 quantita·

388 5037 458 5088 tem,
476 5035 507 5079 ut
525 5029 712 5097 exaequaverit
737 5045 843 5082 arenam
869 5029 967 5095 maris,
986 5041 1014 5084 et
1031 5032 1151 5085 numeris

387 5111 500 5181 amplius
528 5113 717 5184 comprehendi
736 5131 764 5166 ca
785 5115 947 5185 nequiverit,
968 5117 1006 5170 uti
1026 5127 1099 5188 patet
1119 5133 1150 5170 ex

392 5199 490 5246 (leues.
516 5195 542 5248 d.
562 5215 585 5250 c·
606 5207 646 5247 tt.
671 5213 700 5249 o.
727 5207 769 5250 tc.
796 5199 871 5252 lluue
898 5199 1024 5254 lrtrmenti
1050 5201 1152 5271 copiam

387 5291 461 5334 tauto
480 5289 568 5352 postea
588 5281 709 5337 uendidit
728 5285 829 5356 pretio,
850 5295 878 5338 ut
899 5305 950 5341 non
971 5296 1073 5340 tuntum
1092 5285 1152 5338 uui·

388 5381 489 5419 versam
509 5367 647 5423 universae
668 5369 814 5442 dligyptioe
833 5372 985 5444 pecuniam,
1006 5371 1050 5424 scd
1071 5371 1150 5424 etiam

942 443 1135 500 DtsctTAT.
1154 445 1190 498 11.
1209 443 1326 501 CAPUT
1345 447 1391 534 Ν..

1837 473 1887 512 roa

1188 561 1290 616 pecora,
1301 561 1355 596 non
1371 552 1474 598 tautum
1488 561 1589 616 pecora,
1604 549 1651 604 aed
1663 553 1743 606 etiam
1762 573 1838 624 apros
1852 559 1956 630 etquid

1188 647 1242 681 uon
1268 629 1400 682 Pharaoni
1424 633 1605 699 adquisiverit.
1630 637 1700 688 Gen.
1727 648 1769 690 tt.
1787 657 1817 692 o.
1840 654 1880 694 tt.
1907 661 1961 716 aeq.

1189 712 1287 766 Omnia
1307 723 1395 766 tanmn
1414 714 1573 769 Dardanarii
1593 721 1722 789 requisita
1746 723 1791 776 bie
1815 743 1868 779 non
1893 747 1957 780 cou-
1999 731 2030 780 ti

1189 809 1315 862 fflrl'ffltlt
1335 799 1468 870 Quicquid
1485 803 1559 856 euim
1577 807 1708 875 Josepbus
1721 806 1841 876 iaciebat,
1861 813 1889 866 id
1909 832 1959 885 pu-

1190 880 1259 936 blica
1286 885 1450 936 auctoritate
1468 882 1598 949 iaciebat;
1617 889 1676 940 Non
1693 891 1751 961 ipse
1776 895 1863 964 turpis
1888 897 1957 949 lucri

1190 966 1301 1037 cupidus
1315 976 1380 1032 erat,
1393 968 1439 1020 sed
1451 970 1542 1023 omnia
1561 973 1590 1024 in
1608 973 1742 1043 publicam
1761 975 1896 1046 dirigebat
1909 984 1960 1033 uti·

1192 1051 1373 1105 litatemNon
1389 1055 1553 1126 impediebat
1567 1075 1612 1110 sna
1624 1061 1799 1131 coemptione,
1810 1081 1862 1133 quo
1875 1066 1964 1119 minus

1192 1145 1219 1188 et
1238 1137 1285 1188 alii
1304 1149 1433 1204 emerent,
1447 1157 1500 1192 uec
1512 1141 1636 1208 gravabat
1652 1161 1683 1196 co
1701 1145 1760 1216 ipso
1778 1165 1908 1200 annonam
1920 1161 1966 1202 aut

1191 1222 1319 1275 cariorem
1333 1223 1467 1288 reddebat,
1485 1244 1545 1276 curu
1564 1238 1665 1298 septem
1684 1229 1724 1281 illi
1743 1233 1807 1283 noui
1826 1231 1962 1286 abundau-

1195 1317 1234 1359 tcs
1255 1317 1353 1360 tautam
1374 1309 1458 1362 cuivis
1477 1313 1705 1381 suppeditaverunt
1724 1317 1843 1386 copiam,
1863 1327 1893 1370 ut
1911 1336 1964 1372 ne·

1194 1391 1265 1442 mini
1291 1409 1345 1444 ιιοιι
1380 1393 1487 1446 licuerit
1509 1396 1541 1447 ad
1566 1397 1717 1451 satietatem
1740 1417 1822 1470 usque
1845 1401 1966 1472 colligere

1195 1471 1305 1529 fructus.

1233 1559 1347 1630 Egregia
1366 1573 1439 1627 sunt,
1457 1583 1522 1634 qnae
1540 1566 1608 1619 banc
1620 1567 1648 1619 in
1663 1585 1717 1620 rens
1733 1587 1780 1640 pro
1793 1570 1908 1642 losepho
1921 1570 1965 1624 de-
2005 1585 2036 1624 ts

1195 1647 1332 1702 sendendo
1354 1650 1382 1701 in
1405 1652 1522 1704 medium
1542 1653 1643 1724 profert
1655 1653 1687 1705 Β.
1700 1655 1806 1711 Lutlver.
1823 1660 1898 1710 Tum.
1919 1661 1965 1711 VI.

1203 1734 1352 1805 ltittederg.
1387 1737 1478 1789 Germ.
1503 1737 1544 1790 tit.
1568 1757 1625 1790 ooo
1654 1738 1888 1812 Kuufflmndlung
1912 1744 1971 1796 uod

1203 1817 1390 1888 melem-fol.
1407 1832 1467 1872 tot.
1481 1825 1523 1874 Es
1535 1823 1569 1874 ist
1583 1823 1671 1877 dieser
1683 1825 1842 1896 Kouffuud
1855 1828 1967 1881 Hondel

1197 1902 1300 1972 Josept
1324 1904 1387 1958 lein
1406 1907 1607 1978 aidonopoliou,
1632 1909 1753 1962 roudcro
1773 1911 1816 1963 ein
1835 1910 1968 1965 redliclter

1194 1987 1334 2056 gemeiuer
1351 1991 1381 2042 K
1379 1989 1446 2061 orrff
1454 2005 1576 2058 gereret,
1596 1993 1645 2046 wie
1664 2011 1694 2046 er
1710 1995 1748 2048 im
1767 1999 1863 2050 Laude
1879 1999 1965 2065 gewo-

1197 2073 1274 2126 lrolilr
1294 2092 1368 2136 tvorc
1387 2077 1476 2130 Dauo
1497 2095 1527 2130 er
1544 2080 1656 2132 welerete
1680 2080 1813 2134 niemood
1824 2093 1965 2151 curguten

1198 2156 1260 2209 Zeit
1277 2157 1490 2228 eiuzukoqffen.
1511 2162 1554 2213 Es
1572 2180 1630 2215 scor
1646 2164 1713 2216 uber
1729 2164 1821 2218 seiuer
1837 2165 1967 2217 Weislreit

1197 2257 1255 2292 coo
1281 2241 1348 2292 Gote
1362 2243 1490 2312 gegeben,
1509 2244 1573 2296 dors
1590 2263 1621 2298 er
1638 2247 1684 2300 des
1705 2247 1810 2316 Kdoigs
1828 2250 1915 2314 Korn,
1930 2252 1966 2303 elo

1198 2339 1227 2374 ee
1249 2323 1342 2376 rieden
1364 2327 1441 2379 „latr
1457 2329 1512 2380 wol
1525 2327 1641 2394 garielli,
1662 2329 1848 2395 eiusommlet,
1868 2333 1904 2384 do
1924 2334 1967 2387 die

1199 2406 1304 2458 cudero
1315 2453 1320 2458 .
1330 2407 1420 2461 nicto
1436 2410 1504 2461 oder
1528 2409 1615 2480 menig
1636 2411 1860 2474 ciosummleteu,·
1880 2415 1967 2466 Danu

1198 2491 1248 2541 der
1268 2491 1339 2542 Yesct
1354 2501 1431 2560 roget
1444 2493 1527 2559 oiclrt,
1539 2496 1635 2546 coaser
1645 2497 1728 2549 olleio
1743 2497 1813 2551 dode
1827 2497 1878 2550 dor
1889 2501 1968 2552 Korn

1198 2571 1390 2643 eingekouffl,
1416 2576 1537 2628 scudem
1561 2577 1632 2631 leode
1656 2595 1685 2632 ec
1709 2568 1915 2650 eingesommlet
1938 2581 1966 2632 iu

1199 2658 1327 2711 stoedceo
1340 2659 1387 2710 des
1401 2659 1531 2730 Kdoiges,
1553 2662 1642 2714 doben
1661 2681 1690 2716 er
1708 2664 1752 2716 die
1770 2666 1875 2718 undem
1895 2664 1971 2716 uiolet

1198 2743 1310 2812 getlrou,
1324 2743 1374 2796 der
1392 2745 1519 2798 Scirodeo
1538 2762 1586 2816 cey
1602 2746 1668 2801 llere.
1687 2759 1737 2802 etc.
1754 2748 1823 2818 quod
1838 2747 1923 2818 ipsum
1939 2748 1968 2799 iu

1202 2825 1426 2896 subsequentibus
1447 2828 1477 2880 B.
1498 2829 1576 2882 tort.
1597 2831 1716 2901 pluribus
1741 2831 1925 2902 persequitur,
1943 2839 1971 2882 et

1202 2909 1275 2964 iuter
1298 2911 1351 2965 alia
1375 2913 1457 2966 etiam
1484 2913 1548 2967 baec
1574 2933 1622 2986 pm
1646 2917 1762 2987 Joscplvo
1786 2915 1907 2982 subjicio
1927 2916 1971 2965 Es

1202 2992 1301 3048 meldet
1324 2997 1368 3050 clie
1395 2995 1511 3066 Scrlu‘fft
1532 2999 1621 3063 niclt,
1642 2998 1707 3049 dosa
1724 2991 1829 3065 Joseplr
1855 2995 1970 3050 darunt

1202 3081 1273 3136 dode
1287 3085 1363 3136 Korn
1379 3085 1591 3154 eingesommlct,
1607 3085 1671 3137 cluss
1680 3100 1722 3136 ers
1732 3101 1763 3136 so
1777 3081 1970 3151 tlreuerguebe,

1203 3170 1246 3224 als
1265 3185 1297 3222 er
1324 3171 1420 3232 mode,-
1445 3173 1564 3224 scudem
1586 3191 1616 3224 er
1631 3173 1700 3224 lohe
1724 3187 1752 3224 es
1774 3169 1890 3240 getico,
1908 3169 1972 3221 dass

1202 3255 1352 3309 modoad
1365 3259 1447 3309 berete
1461 3257 1537 3308 nicht
1547 3255 1714 3309 cerderden:
1727 3256 1804 3309 Ater
1813 3255 1861 3308 der
1873 3251 1971 3322 Korrff·

1207 3338 1286 3394 Gec'ta
1316 3337 1396 3409 (quod
1421 3339 1518 3392 sitium
1543 3341 1572 3392 in
1598 3339 1772 3394 Dardanariis
1799 3337 1969 3408 conspicuum

1202 3423 1330 3492 maxime)
1346 3423 1403 3494 gicr
1421 3441 1453 3476 so
1472 3423 1768 3490 coacervantem
1784 3422 1860 3474 rreclst
1876 3418 1970 3474 seiuen

1203 3512 1275 3562 Nata
1293 3509 1387 3575 allelu,
1402 3513 1616 3580 unongeselren,
1637 3512 1702 3563 dress
1722 3509 1806 3563 Laod
1817 3508 1876 3562 und
1887 3511 1970 3562 lecte

1203 3592 1363 3648 cerderdeo·
1386 3595 1503 3647 Tantum
1526 3595 1614 3665 itaque
1639 3593 1736 3656 abest,
1763 3602 1793 3644 ut
1814 3592 1911 3644 vitiosa
1935 3591 1971 3644 sit

1204 3678 1336 3745 ejoooodt
1355 3679 1484 3732 frumenti
1502 3679 1643 3750 coemptio,
1663 3678 1691 3729 in
1711 3678 1822 3730 salutem
1836 3675 1970 3746 publicum

1204 3763 1308 3831 publica
1320 3763 1477 3818 auctoritate
1491 3763 1566 3827 lacta,
1575 3773 1604 3816 ut
1615 3764 1712 3834 potius,
1722 3764 1744 3814 si
1758 3761 1900 3816 omittatur
1913 3759 1968 3821 illo,

1205 3847 1273 3898 houd
1296 3849 1420 3917 exiguum
1444 3848 1509 3902 inde
1528 3849 1656 3919 Respnbl.
1680 3865 1788 3920 passura
1813 3844 1969 3898 detrimenti

1205 3933 1250 3986 sit·
1268 3934 1356 3987 llabet
1374 3952 1437 3988 sane
1456 3931 1590 4004 dligyptia
1608 3933 1641 3988 de
1658 3951 1710 4002 quo
1723 3930 1775 3986 sibi
1788 3929 1912 3998 gratrrlavi
1925 3949 1970 4000 po-

1206 4018 1297 4082 tuerit,
1315 4028 1425 4090 propter
1444 4020 1577 4088 egregium
1600 4017 1666 4070 illud
1685 4027 1712 4070 et
1725 4014 1842 4068 maxiano
1860 4013 1970 4083 dignum

1205 4103 1326 4156 encomio
1345 4103 1442 4156 iactum
1462 4103 1581 4174 Josepbi,
1600 4103 1656 4172 qui,
1676 4099 1731 4154 uisi
1750 4098 1840 4153 divina
1857 4097 1969 4169 quadam

1207 4187 1383 4258 inspiratione
1396 4188 1504 4241 edoctus
1518 4187 1551 4240 de
1565 4185 1651 4240 sutura
1671 4187 1718 4238 illa
1735 4201 1783 4258 per
1800 4183 1969 4255 septennium

1206 4271 1315 4325 caritate
1333 4269 1438 4336 luisset,
1458 4273 1549 4344 illique
1567 4289 1684 4342 sno,qua
1698 4270 1812 4342 pollebat
1829 4267 1969 4340 prudentia

1204 4353 1345 4418 obviasset,
1364 4356 1491 4409 omnibns
1509 4373 1581 4420 saue,
1600 4364 1728 4427 quotquot
1742 4353 1770 4405 in
1786 4353 1911 4422 lEgypto
1929 4353 1972 4404 de·

1204 4442 1309 4512 gebant,
1327 4440 1424 4494 luisset
1443 4439 1615 4512 pereundum.
1634 4438 1791 4492 conderetur
1809 4435 1857 4488 boc
1876 4433 1910 4487 de
1926 4437 1972 4489 Jo-

1204 4527 1280 4598 sepbi
1300 4525 1367 4580 lacto
1386 4527 1458 4580 Pctr·
1477 4526 1590 4597 Gregor.
1603 4525 1746 4579 ‘l'holosan-
1757 4527 1900 4592 Syotogm.
1912 4519 1968 4589 jor.

1207 4613 1330 4668 Univers.
1349 4611 1395 4665 lib.
1417 4626 1459 4666 cc.
1477 4633 1534 4684 cop.
1557 4625 1598 4666 tc.
1617 4629 1645 4662 n.
1666 4623 1690 4662 3.
1708 4609 1736 4662 io
1746 4607 1806 4678 fio.

1213 4699 1280 4750 'De
1298 4716 1328 4751 eo
1346 4707 1433 4751 autem
1458 4695 1504 4748 bic
1527 4695 1580 4749 loci
1601 4695 1686 4746 adbuc
1712 4701 1796 4746 restat
1820 4689 1971 4760 disquiren-

1203 4785 1280 4847 dum:
1303 4785 1332 4839 Si
1352 4785 1489 4852 contingat
1515 4783 1667 4853 Principem
1693 4779 1807 4851 aliquem
1825 4795 1858 4830 ex
1876 4775 1969 4847 proba·

1204 4869 1303 4920 bilibus
1320 4869 1405 4920 causis
1426 4877 1544 4920 metuere
1562 4863 1647 4918 iuturi
1668 4863 1796 4933 temporis
1814 4861 1969 4922 caritatem,

1203 4953 1265 5005 huic
1282 4969 1343 5004 sero
1363 4953 1480 5005 levamen
1502 4967 1626 5022 quaerere
1652 4947 1802 5009 desideret,
1822 4945 1972 5014 colligendo

1203 5036 1313 5097 fructus,
1333 5033 1489 5106 eosdemque
1509 5035 1538 5087 iu
1556 5045 1660 5106 tempus
1680 5032 1826 5095 Caristiae,
1845 5030 1971 5082 utilitatis
2046 5061 2050 5068 ·

1202 5117 1321 5189 publicae
1340 5135 1424 5182 causa,
1443 5118 1609 5183 asservando,
1629 5119 1652 5170 si
1671 5126 1759 5188 postea
1777 5116 1905 5184 illa,quae
1919 5131 1973 5165 ure-

1204 5201 1333 5263 tuebatur,
1352 5200 1469 5254 Caristia
1488 5202 1518 5255 in
1536 5203 1687 5256 ubertatem
1705 5217 1824 5254 annonae
1837 5209 1972 5250 concerta·

1205 5298 1247 5340 tur
1266 5296 1374 5356 propter
1392 5287 1550 5352 uberrimos,
1569 5305 1634 5359 quos
1654 5287 1729 5340 tellus
1755 5293 1892 5354 genuerat,
1913 5283 1970 5333 iru-

1186 5380 1271 5436 'ctus,
1283 5379 1308 5422 et
1321 5367 1495 5438 frumentum,
1509 5372 1579 5442 quod
1592 5373 1730 5424 collectum
1744 5379 1829 5432 autea,
1842 5375 1973 5421 uetustate
