4424 6340
275 501 279 508 ·
324 486 356 558 75
617 482 980 538 transmontana
1001 481 1185 538 DESCRIPT.
1206 485 1251 538 ET
1270 484 1317 536 DE
1339 483 1467 538 ANNON.
1726 485 1758 554 76

259 583 320 636 Vol.
343 592 367 632 2.
386 582 467 652 Disp.
488 593 529 634 31.
547 582 585 636 th.
607 583 727 636 101011.
746 583 857 651 Deriug.
882 583 914 634 de
933 583 1014 634 Fam.

250 685 359 722 annon.
378 666 507 720 Dardan.
526 677 553 720 et
577 663 710 720 tEruscn.
736 686 764 718 ιι.
792 675 833 716 11.
852 665 880 718 in
900 664 1017 736 append.

256 753 347 804 Yract.
369 750 402 803 de
415 751 564 803 molendin.
582 752 674 801 llcrm.
694 749 798 802 lather.
816 750 849 802 de
866 749 978 804 Consul.
993 761 1017 800 3.

252 851 277 886 c.
299 846 323 884 t.
342 852 371 886 ιι.
393 846 435 886 ss.
455 851 526 906 seqq.
544 833 605 886 1011.
631 834 701 887 Calv-
720 833 749 885 in
769 835 838 886 len.
857 832 950 886 Jurid.
968 832 1016 885 sul

198 929 213 970 3
255 917 306 970 hac
330 935 386 970 voc.
408 917 475 985 Quis
488 935 549 972 vtro
568 915 650 970 luerit
664 917 708 970 hic
726 917 878 980 Dardanus,
891 916 1019 969 01111310-

252 1017 343 1054 corum
368 1001 480 1065 vixerit,
501 1018 554 1053 nun
573 1001 637 1054 adeo
656 1001 684 1052 in
704 1009 838 1071 compertu
865 1009 917 1063 est,
937 997 1020 1070 deque

250 1103 280 1138 eo
299 1085 335 1138 nd
347 1103 430 1138 unum
450 1085 533 1138 silent
550 1103 642 1141 omncs
660 1085 766 1139 Jurium
792 1087 912 1154 Interpp.
932 1086 971 1137 De
990 1104 1021 1138 eo

250 1168 360 1240 quidem
374 1179 491 1233 constat,
505 1170 586 1223 luisse
605 1171 758 1240 quemdam,
780 1168 821 1220 cui
842 1186 937 1223 nomen
956 1169 1019 1220 Dar-

1067 581 1151 652 spirat
1163 601 1224 636 seru
1242 602 1302 636 cum
1316 584 1487 636 Deriratinne
1501 579 1547 632 illa
1560 579 1678 650 superius
1692 598 1723 634 ex
1738 582 1833 636 Aucto·

1067 666 1141 719 rihus
1154 669 1229 719 allata
1248 667 1464 720 accuratissimus
1476 681 1577 734 quoque
1592 663 1700 716 ,11111οι1.
1715 667 1834 720 Turneb.

1067 751 1086 802 1.
1101 763 1125 803 a.
1139 751 1369 804 Adversariorum
1381 769 1403 802 o.
1416 759 1456 800 tt.
1466 749 1539 816 cujus
1552 747 1629 801 verba
1643 747 1694 800 buc
1708 752 1833 802 transcri-

1068 833 1146 886 bam:
1167 838 1274 889 Veteres
1286 852 1414 904 magnam
1428 831 1480 886 rim
1493 847 1550 885 esse
1563 833 1671 900 magiae
1682 834 1831 901 putabant,

1070 929 1099 971 ut
1111 930 1136 972 et
1153 920 1210 988 ejas
1223 919 1248 976 a·
1264 935 1364 972 messes
1377 917 1432 971 alic
1453 915 1563 970 traduci
1577 931 1658 986 posse
1675 930 1831 982 censerent,

1070 1003 1228 1055 recantatis
1247 1003 1391 1072 segetibus,
1404 1019 1457 1072 quo
1469 998 1583 1053 nomine
1602 1011 1627 1051 et
1643 1000 1747 1071 legibus
1757 1002 1834 1070 jadi-

1070 1087 1112 1139 cia
1130 1087 1380 1144 constituebantur:
1399 1085 1445 1138 At
1470 1104 1502 1138 ea
1522 1082 1653 1152 opinione
1673 1083 1833 1138 crediderim

1071 1188 1126 1236 eos,
1141 1170 1190 1243 qui
1200 1189 1343 1225 annonam
1355 1179 1474 1222 onerant
1486 1177 1510 1218 et
1520 1177 1647 1237 premunt
1657 1167 1833 1222 Dardanarins

249 1253 445 1323 danus,quem
462 1249 654 1322 finguntlnvis
674 1265 701 1306 et
713 1253 832 1306 Electrae
844 1249 1017 1322 filium,qui‚
1060 1251 1154 1321 saure
1174 1265 1294 1320 uocatos,
1318 1253 1392 1324 quod
1414 1269 1507 1305 eorum
1525 1261 1666 1321 tamquam
1692 1249 1836 1322 maleficiis

255 1347 399 1407 postquam
420 1337 530 1390 tratrem
544 1339 647 1392 dasium
666 1337 858 1399 interemisset,
885 1336 914 1388 in
934 1338 1021 1389 Samo

253 1420 384 1474 thraciam
405 1421 488 1491 sugit,
508 1431 535 1474 et
553 1433 643 1492 postea
661 1423 689 1474 iu
712 1421 811 1472 Asiam.
830 1419 901 1472 [1113
920 1419 1018 1472 ibidem

251 1503 357 1574 abipso
371 1505 493 1568 condita,
507 1523 584 1574 quam
605 1525 652 1560 suo
665 1505 774 1557 nomine
787 1501 938 1556 Dardanum
953 1501 1020 1553 insi-

252 1587 355 1655 gnivit,
371 1605 428 1640 eam
442 1599 530 1658 postea
546 1591 633 1652 Tros,
652 1587 801 1640 Erichtonii
816 1583 897 1649 filius,
912 1585 1018 1652 Troiam

248 1693 264 1724 a
281 1688 309 1722 se
322 1673 472 1743 appellavit.
485 1673 655 1725 hlentiouem
675 1672 751 1740 hujus
772 1671 870 1740 virgil.
889 1671 906 1720 l.
928 1683 951 1723 3.
971 1673 1019 1724 AE·

251 1757 327 1808 aeid.
340 1755 416 1808 lacit:
614 1760 616 1764 ’

266 1841 419 1894 Dardanus
435 1836 536 1892 Iliacae
548 1839 650 1906 primus
664 1841 758 1900 Pater,
775 1835 849 1892 urbis
859 1847 885 1887 et
898 1837 1012 1888 Auctor.

251 1923 305 1976 Sed
324 1925 394 1976 hunc
411 1925 519 1992 Magum
543 1922 626 1976 luisse
655 1922 780 1974 meminit
804 1937 889 1973 nemo.
909 1919 1018 1972 Potissi-

249 2025 320 2060 mam
334 2025 394 2061 vero
415 2025 463 2077 pro
476 2005 599 2059 Dardano
611 2009 689 2074 hingo
708 2005 874 2058 defendendo
887 2003 1017 2056 rationem

248 2109 280 2142 ex
295 2091 345 2154 iis,
359 2107 427 2160 quos
441 2089 584 2142 Columella
603 2090 623 2142 1.
644 2102 683 2142 10.
705 2091 737 2142 de
754 2090 816 2142 cult.
835 2089 906 2142 hort.
923 2087 1016 2151 hahet,

241 2175 367 2230 versibus
381 2175 527 2235 hauriunt3

268 2262 311 2312 At
322 2259 347 2310 si
359 2259 436 2310 nulla
452 2258 523 2312 valet
534 2258 669 2312 medicina
682 2257 809 2328 repellere
820 2267 940 2328 pestem,

268 2343 433 2397 Dardaniae
447 2343 558 2396 veniant
569 2354 651 2397 artes.

255 2425 307 2478 llic
326 2443 376 2497 per
398 2425 548 2480 Dardanias
568 2438 652 2491 artes,
667 2425 782 2494 Magis-as
801 2424 972 2490 intelligunt,
991 2428 1018 2472 ct

1071 1349 1097 1390 et
1114 1341 1230 1392 venenis
1248 1339 1364 1408 Magicis
1383 1337 1523 1390 crederent
1540 1353 1683 1388 annonam
1698 1337 1790 1388 averti
1805 1339 1833 1390 in

1069 1423 1189 1492 ipsorum
1207 1425 1321 1487 horrea,
1347 1431 1373 1474 et
1398 1421 1427 1473 in
1448 1418 1584 1472 metiendo
1605 1435 1759 1472 mensuram
1780 1421 1838 1472 im:

1071 1505 1172 1573 minui,
1186 1506 1297 1576 ejusque
1311 1506 1392 1558 modo
1406 1505 1532 1558 subtrahi
1537 1525 1545 1554 .·
1560 1507 1618 1557 Aut
1631 1503 1707 1574 quod
1716 1505 1755 1556 ad
1765 1521 1833 1557 con·

1070 1591 1209 1642 tumeliam
1221 1601 1247 1642 et
1257 1590 1384 1658 prohrum
1399 1591 1498 1658 Magos
1510 1605 1558 1640 eos
1570 1587 1751 1656 increparent,
1765 1590 1832 1640 Dar-

1070 1672 1190 1727 1Ιο110ιί03
1209 1681 1352 1737 uocantes,
1373 1681 1521 1724 cremasset
1546 1671 1748 1724 odiosissimum
1771 1675 1833 1724 Ma-

1067 1759 1129 1825 gine
1142 1769 1168 1811 et
1180 1757 1286 1827 infame
1299 1755 1467 1810 uocabulum·
1475 1757 1553 1810 Certe
1569 1753 1751 1808 Dardauariia
1766 1756 1834 1808 Dar·

1068 1841 1135 1894 dano
1148 1861 1248 1894 nornen
1261 1841 1360 1894 hahere
1371 1840 1510 1902 uidentur,
1525 1857 1603 1909 quem
1622 1836 1834 1908 rllagumsaisse

1068 1937 1184 1979 constat.
1196 1926 1388 1985 Tertullianus,
1403 1934 1432 1976 at
1443 1921 1527 1993 ipsias
1536 1923 1597 1992 jam
1613 1925 1750 1978 uocabulis
1760 1935 1832 1987 utar,

1067 2010 1164 2082 quibus
1178 2010 1286 2064 auctrix
1304 2008 1464 2078 opinionum
1484 2005 1599 2060 istarum
1614 2010 1722 2078 magica
1740 2020 1832 2061 sonat:

1068 2103 1236 2148 ostentantes
1248 2105 1274 2148 et
1292 2095 1403 2164 lfrplron
1418 2103 1443 2145 et
1456 2095 1606 2150 Dardanus
1620 2106 1647 2149 et
1661 2097 1832 2168 Damigeron

1069 2186 1094 2228 et
1113 2177 1240 2230 Nectabis
1258 2187 1284 2230 et
1301 2177 1448 2241 Berenice,
1467 2177 1516 2232 sed
1532 2187 1559 2230 et
1578 2179 1743 2234 Dardaniae
1762 2193 1835 2235 artes

1072 2259 1239 2314 Columellas
1265 2261 1390 2329 magicae
1413 2272 1485 2315 suut.
1512 2261 1665 2316 Dardanus
1689 2265 1774 2316 etiarn
1799 2266 1833 2318 alr

1069 2341 1193 2412 Apulejo
1208 2342 1281 2394 inter
1290 2343 1414 2412 insignes
1433 2347 1530 2412 liugos
1542 2355 1716 2398 numeratur:
1735 2351 1832 2402 1100-

1068 2437 1121 2479 tem
1136 2427 1272 2493 arcarius,
1290 2428 1744 2498 11οι0010103,ιῑςιιινῐιιᾰὶιίιιιι,
1764 2451 1835 2501 qrrae

247 2510 359 2562 forsitan
374 2526 408 2561 CX
420 2509 462 2562 l'tl!
478 2520 608 2580 [umquam
623 2527 653 2560 ΦΧ
669 2507 774 2572 61181111,
787 2525 890 2560 causam
905 2505 1017 2574 aliquam
1057 2509 1197 2578 formatio
1217 2511 1245 2564 in
1273 2512 1363 2566 multis
1382 2511 1519 2583 arti-'ficum
1544 2513 1684 2566 vocabulis
1708 2515 1834 2567 obseura.

248 2603 478 2663 praesupponunt,
495 2604 521 2646 et
540 2609 587 2664 per
606 2609 781 2660 consequens,
800 2589 884 2642 luisse
903 2589 1017 2656 aliquem

248 2676 358 2730 nuntiae
375 2677 544 2742 Dardanum,
560 2693 670 2746 cumque
682 2677 803 2742 Magum,
817 2693 831 2725 ιι
844 2673 1016 2743 (0101103110-

254 2779 316 2814 men
338 2761 474 2816 traherent
492 2771 578 2826 artes,
597 2762 767 2829 collegerunt.
793 2758 870 2811 llaud
895 2757 1017 2823 exiguum

249 2859 339 2901 tamen
353 2850 505 2918 scrupulum
527 2859 632 2902 movent
646 2848 707 2910 itta,
725 2863 792 2914 quae
806 2844 936 2911 Virgilius
955 2841 1017 2894 hinc

247 2934 310 2985 inde
324 2932 353 2984 111
370 2933 424 2986 3013
439 2933 665 2988 AEneidoshabet
683 2929 768 2983 lilrris.
786 2927 840 2982 [lsi
858 2925 1018 2996 adjectivum

251 3018 317 3072 ittud
337 3017 500 3072 Dardanias
519 3028 545 3070 et
565 3017 732 3079 Dardanus,
752 3013 864 3086 perinde
890 3010 941 3081 ipsi
961 3019 1016 3073 est,

246 3103 316 3173 quod
330 3102 460 3171 Troianus
483 3102 528 3156 Sic
541 3101 621 3154 hahet
639 3099 777 3154 Dardana
797 3113 892 3158 arma,
909 3094 1017 3149 Darda·

248 3207 285 3241 nn
297 3186 394 3256 pules,
408 3185 520 3238 adulter
539 3183 718 3246 Dardanius,
732 3183 838 3236 Ductor
849 3179 1017 3232 Dardanius.

247 3270 400 3323 Dardaniae
414 3269 502 3339 itaque
516 3279 586 3321 artes
601 3268 669 3338 apud
684 3267 854 3318 Columellam
874 3263 906 3316 de
922 3265 1015 3330 Troja-

246 3355 290 3405 nis
305 3351 409 3406 artibus
428 3371 530 3424 quoquc
543 3361 653 3422 possent
671 3350 813 3421 explicari,
828 3367 887 3400 cum
907 3347 1016 3399 dubium

246 3437 349 3490 nullum
370 3435 470 3500 subsit,
491 3436 518 3488 in
541 3446 614 3488 tanta
632 3435 773 3487 homiuum
793 3433 918 3497 colluvie,
932 3432 1016 3500 qualis

246 3521 340 3588 Troiae
357 3519 425 3582 luit,
439 3520 485 3589 qui
497 3537 589 3572 omues
609 3519 737 3571 Daemoni
757 3519 869 3571 litabant
880 3517 1015 3588 quotidie,

247 3605 344 3659 vetitas
358 3603 475 3656 maxime
489 3614 515 3656 et
528 3602 653 3656 nefandas
667 3612 737 3655 artes
750 3602 875 3670 viguisse.
884 3598 1016 3671 Quicquid

249 3699 337 3744 tamen
353 3687 431 3757 hujus
448 3689 487 3740 rei
507 3687 615 3758 sit,ego
634 3688 662 3739 in
683 3688 816 3758 praesenti
836 3705 889 3738 non
909 3671 1019 3736 contra

247 3773 337 3827 riabor
350 3773 486 3824 communi
505 3773 554 3824 Dd.
573 3771 711 3843 opinioni,
726 3771 883 3842 pracsertim
897 3788 955 3822 cum
972 3769 1015 3820 illa

248 3857 318 3908 harad
333 3858 456 3927 exiguum
471 3857 576 3912 ruboris
589 3857 676 3928 capiat
689 3873 721 3909 ex
736 3856 819 3908 Plinii
834 3855 939 3910 llistor.
958 3857 1016 3908 Na-

253 3953 304 3996 tar.
325 3941 342 3992 1.
363 3955 405 3996 30.
425 3962 448 3995 c.
467 3955 488 3994 t.
504 3941 649 3995 Dardanias
669 3941 759 4009 itaque
776 3951 860 4001 artes,
873 3937 918 4008 qui
931 3940 1016 4007 stagi-

250 4043 292 4080 cas
305 4025 479 4096 explicaverit
493 4027 533 4079 vel
552 4027 691 4093 Troianas,
707 4041 748 4075 me
768 4041 820 4076 non
834 4023 897 4076 adeo
910 4023 1017 4076 habehit

248 4111 445 4176 adversantem
461 4113 518 4164 lloc
535 4121 621 4162 tamen
635 4107 830 4162 concedendum
844 4107 954 4159 omnino
968 4115 1017 4172 cst,

250 4197 361 4249 illicitas
375 4195 435 4248 illas
455 4207 525 4249 artes
539 4212 597 4246 esse
616 4193 812 4262 intelligendas.
833 4191 904 4242 llinc
923 4191 1018 4246 Thale·

251 4293 304 4334 teru
324 4281 400 4332 illum
422 4278 589 4350 eapientem,
609 4276 645 4352 ad
663 4275 841 4330 Dardanarios
861 4273 1019 4328 131011000-

248 4374 347 4418 uantur
363 4361 449 4414 Andr.
465 4362 578 4415 Dinner.
601 4371 634 4412 tr.
648 4360 680 4414 de
693 4360 769 4432 justo
791 4377 842 4413 rer.
855 4369 923 4429 pret.
936 4357 1018 4430 defin.

248 4469 270 4502 c.
292 4463 315 4502 3.
334 4468 362 4500 n.
384 4461 407 4500 ³·
428 4449 484 4500 lac.
509 4445 630 4498 ttenoch.
653 4443 686 4497 de
712 4444 805 4498 arbitr.
830 4443 888 4514 jud.
914 4456 1018 4515 praest.

250 4534 295 4586 lilr.
317 4543 339 4582 3.
360 4549 416 4586 cas.
437 4543 497 4583 113.
518 4549 545 4582 n.
562 4540 587 4580 t.
604 4527 675 4598 quod
692 4527 745 4581 olei
759 4529 906 4597 praevisam
920 4527 1017 4580 carita-

249 4628 304 4669 tem
319 4613 490 4670 ot'licinarum
506 4613 633 4666 olearium
652 4610 827 4664 conductione
847 4611 1020 4680 impedierit,

249 4703 287 4755 vel
301 4709 331 4752 ut
344 4700 390 4750 alii
412 4700 517 4762 volunt,
529 4699 600 4750 oleas
612 4713 705 4750 omues
724 4695 867 4759 coemerit,
883 4704 906 4748 ct
928 4706 1021 4765 postea

250 4784 414 4853 insequenti
430 4801 499 4835 011110
513 4783 599 4835 carius
617 4781 776 4836 vendiderit.
798 4781 944 4834 scientiam
960 4797 1020 4832 vcro

250 4871 357 4940 inopiae
370 4869 445 4920 illius
461 4867 565 4920 laturae
580 4867 666 4935 ipsum
681 4883 713 4918 ex
729 4863 875 4932 Astrologia
890 4863 1019 4926 hausisse,

250 4957 292 5010 vcl
307 4975 320 5006 a
337 4952 503 5014 Democrito,
516 4969 593 5020 quem
609 4949 708 5018 scripta
723 4949 840 5002 Dardani
854 4948 951 5018 legisse
964 4965 1020 5019 per·

250 5039 353 5100 hibent,
363 5036 416 5088 sibi
430 5051 642 5104 comparassc,cx
656 5033 745 5086 Plinio
762 5033 836 5086 citat.
850 5035 901 5086 loc.
914 5033 1020 5086 Dinncr

251 5125 424 5176 demonstrat.
445 5117 497 5172 Sed
511 5137 597 5170 autmn
612 5119 663 5170 hoc
681 5135 741 5172 casu
759 5119 828 5171 tiber
846 5119 958 5189 Sapiens
973 5117 1020 5170 ille

250 5229 263 5260 a
287 5205 492 5258 Dardauariatus
511 5204 627 5255 crimino
648 5201 745 5267 luerit,
765 5203 837 5256 inlra
857 5222 880 5256 c.
900 5212 923 5253 1.
944 5222 972 5254 n.
993 5215 1017 5254 3.

251 5310 279 5344 se
293 5288 442 5342 disserendi
457 5288 596 5340 exhibebit
608 5288 719 5338 occasio.
729 5287 805 5340 Coni.
819 5287 910 5340 Tiber.
925 5287 1018 5340 Decia-

1068 2605 1124 2660 tur,
1145 2595 1183 2649 ita
1202 2607 1228 2649 et
1245 2597 1272 2649 in
1293 2596 1403 2668 opificio
1424 2607 1449 2648 et
1467 2595 1587 2666 artificio
1607 2597 1701 2668 aliquo
1720 2599 1834 2652 Darda-

1071 2680 1168 2734 narins
1186 2683 1279 2734 eadem
1297 2680 1477 2751 proportione
1494 2681 1594 2735 dicitur
1619 2684 1689 2735 llaec
1708 2685 1762 2734 ille.

1104 2765 1189 2820 Aliam
1206 2766 1431 2819 Dardanariorum
1444 2765 1577 2834 originem
1596 2768 1711 2835 suggerit
1728 2767 1832 2837 Caspar.

1069 2847 1162 2903 Kloch.
1177 2860 1253 2902 tract.
1268 2849 1494 2904 decernimur.
1512 2863 1534 2901 1.
1548 2869 1575 2902 n.
1597 2863 1655 2902 333.
1669 2853 1713 2920 qui
1728 2869 1773 2904 eos
1787 2873 1832 2922 po·

1072 2933 1123 2984 tius
1139 2932 1225 2985 dictas
1240 2935 1296 2986 vult
1315 2934 1507 2997 Dardeoarios,
1521 2933 1589 3002 ‹psod
1602 2934 1695 2988 darem
1713 2935 1835 2989 denarios

1068 3027 1144 3078 ante;
1164 3016 1248 3084 Quum
1268 3016 1444 3070 derivationis
1462 3019 1591 3071 rationem
1614 3035 1647 3070 ex
1665 3037 1695 3071 eo
1714 3019 1834 3082 deducit,

1068 3101 1135 3172 quud
1150 3100 1330 3153 Dardenarius
1350 3101 1414 3154 alias
1432 3110 1538 3154 vocetur
1559 3100 1686 3170 Propola'·
1705 3103 1834 3173 Propulae

1066 3195 1153 3236 autem
1167 3184 1262 3235 sitium
1283 3186 1311 3234 in
1326 3201 1356 3238 eo
1370 3184 1537 3254 conspicuum
1558 3185 1673 3237 maxime
1692 3187 1743 3250 311,
1762 3188 1832 3256 quod

1067 3271 1148 3323 soleat
1178 3267 1241 3322 dare
1270 3271 1422 3338 pecuniam,
1449 3279 1589 3339 atstequam
1619 3272 1758 3340 quicquam
1792 3272 1832 3323 vel

1069 3353 1209 3417 mercium,
1223 3354 1262 3405 vel
1282 3351 1412 3408 fructuum
1428 3354 1574 3424 acceperit,
1588 3363 1618 3405 ut
1636 3372 1666 3407 eu
1688 3356 1776 3406 minus
1792 3373 1833 3408 re·
1893 3414 1903 3422 ³

1066 3439 1159 3491 cedere
1171 3439 1263 3490 altera
1276 3447 1421 3501 contractu,
1437 3447 1463 3489 et
1477 3437 1521 3489 hic
1534 3448 1636 3490 matura
1652 3441 1776 3508 pecuniae
1790 3459 1831 3492 sn-

1068 3522 1167 3573 lutionc
1187 3539 1299 3574 cum-eo
1318 3523 1414 3574 melias
1432 3520 1557 3592 decipere
1575 3521 1669 3593 possit.
1689 3521 1832 3574 Consentis

1067 3604 1171 3657 Camill.
1187 3604 1284 3658 Borcll.
1303 3616 1382 3658 tract.
1402 3606 1434 3659 de
1453 3605 1611 3677 Magistrat.
1634 3605 1722 3658 Edict.
1741 3605 1786 3657 lib.
1809 3621 1832 3657 3.

1066 3709 1089 3743 c.
1107 3700 1146 3742 tt.
1161 3708 1187 3741 n.
1209 3701 1251 3741 33.
1266 3689 1318 3742 Sed
1332 3690 1427 3744 allusio
1442 3691 1506 3743 haec
1521 3692 1609 3760 001103
1621 3689 1739 3754 videtur,
1754 3709 1831 3760 quam

1066 3773 1178 3842 genuina
1192 3772 1577 3846 vocabuliderisatio,ideoque
1590 3793 1645 3827 eam
1661 3776 1687 3827 in
1702 3777 1834 3846 praesenti

1070 3859 1137 3914 secio
1152 3859 1270 3912 missaru.
1286 3859 1435 3930 synonyma
1456 3861 1635 3915 Dardanarius
1650 3865 1718 3916 varia
1737 3863 1831 3926 hahet,

1068 3952 1171 3998 vocatur
1185 3942 1258 3994 euim
1272 3942 1381 3996 Graecis
1402 3942 1578 4018 Emessritae,
1604 3947 1824 4014 rurrrusrrlssstsr

1071 4027 1253 4098 accersientes,
1265 4027 1447 4099 annitente,
1463 4023 1484 4080 oi
1496 4030 1524 4086 sir
1538 4027 1655 4090 1030101
1676 4033 1832 4093 ederedeseie.

1068 4111 1293 4176 Latinis,secutis
1307 4113 1430 4176 Graecos,
1446 4115 1566 4183 Propon,
1581 4115 1731 4185 Pentapola,
1745 4115 1835 4184 Sepia-

1070 4196 1179 4260 sierius,
1199 4195 1631 4266 0101111.1110110060110110103
1655 4210 1713 4252 not.
1739 4199 1778 4252 ad
1803 4203 1834 4252 L.

1070 4281 1224 4332 Annonam
1243 4279 1282 4331 lit.
1305 4281 1542 4350 0310110031ιο
1561 4282 1607 4336 lib.
1629 4293 1670 4336 tc.
1695 4282 1834 4334 Obsercat.

1074 4375 1113 4416 13.
1129 4361 1205 4431 Angli
1221 4381 1264 4416 eus
1285 4376 1378 4418 vocavit
1393 4367 1601 4435 lugrmsatores‚
1615 4367 1833 4426 Forstallaturcs,

1070 4457 1098 4500 ct
1121 4449 1314 4516 Regratatores.
1338 4449 1400 4503 Joh.
1426 4449 1530 4502 oswen.
1562 4448 1652 4501 Iustit.
1678 4449 1741 4500 Jur.
1772 4453 1834 4500 Aa·

1069 4531 1173 4602 glicon.
1187 4531 1231 4584 tit.
1250 4541 1273 4582 1.
1293 4531 1333 4583 111.
1352 4533 1399 4586 ult.
1413 4531 1436 4602 ᾗ.
1458 4547 1500 4584 33.
1513 4549 1578 4600 quos
1593 4531 1722 4582 terminos
1736 4531 1772 4583 ita
1784 4537 1830 4582 ox·

1071 4615 1187 4686 plicant,
1202 4625 1232 4668 ut
1249 4621 1455 4684 Irrgrassatores
1467 4615 1523 4668 sint
1540 4615 1712 4684 ltlonopolae,
1726 4616 1783 4682 qui,
1803 4616 1836 4667 ad

1070 4718 1201 4754 annonam
1216 4700 1302 4752 carius
1316 4699 1494 4764 vendendam,
1508 4707 1633 4769 quautam
1651 4711 1762 4768 possunt
1775 4717 1834 4752 coe.

1072 4793 1160 4844 munt,
1175 4793 1202 4835 et
1216 4783 1243 4834 in
1257 4800 1316 4836 suas
1336 4801 1429 4837 manus
1449 4793 1601 4852 congerunt.
1621 4783 1834 4837 Forstallatores

1071 4883 1132 4918 vero
1145 4864 1185 4915 illi
1197 4901 1204 4928 ,
1218 4865 1263 4934 qni
1283 4883 1415 4919 annonam
1427 4882 1518 4919 versus
1538 4865 1670 4936 publicum
1684 4867 1834 4937 emporium

1071 4947 1209 5001 deductam
1224 4947 1252 4998 in
1268 4949 1308 5002 via
1322 4948 1515 5021 intercipiunt,
1529 4959 1672 5020 emuntque
1684 4951 1835 5020 priusquam

1070 5033 1218 5089 venditioni
1231 5034 1335 5104 publice
1348 5045 1503 5107 exponatur.
1517 5039 1717 5104 liegratatores,
1730 5035 1774 5105 qui
1788 5053 1836 5087 aa·

1070 5135 1166 5171 nonam
1185 5129 1277 5171 contra
1296 5119 1376 5186 leges
1395 5129 1535 5183 coemunt,
1553 5127 1583 5170 ut
1606 5117 1692 5169 carius
1711 5116 1834 5168 vendant.

1069 5199 1133 5254 tin.
1153 5201 1263 5254 Cowell.
1284 5201 1311 5255 in
1332 5203 1419 5256 Indis.
1439 5207 1507 5256 Inst.
1534 5202 1596 5254 Jur.
1614 5201 1724 5270 Anglie.
1743 5200 1834 5253 Germ.

1071 5287 1114 5338 ein
1147 5285 1339 5356 l'orlaerfier,
1365 5287 1408 5341 ein
1437 5283 1647 5356 Aqfflaeuffir,
1674 5285 1717 5338 ein
1744 5287 1835 5337 Korn-

248 5393 297 5428 uus
316 5374 345 5426 ia
364 5383 472 5428 tractat.
492 5371 634 5426 criminal.
648 5371 694 5426 tit.
716 5383 739 5424 7.
759 5391 781 5426 c.
803 5383 844 5422 tt.
864 5391 891 5424 n.
910 5381 933 5422 t.
948 5369 1017 5423 Con·
1039 5359 1045 5445 1
1071 5371 1154 5424 dude.

1575 5456 1634 5576 Χ
