<?xml version="1.0" encoding="UTF-8"?>
<!DOCTYPE html PUBLIC "-//W3C//DTD XHTML 1.0 Transitional//EN"
    "http://www.w3.org/TR/xhtml1/DTD/xhtml1-transitional.dtd">
<html xmlns="http://www.w3.org/1999/xhtml" xml:lang="en" lang="en">
 <head>
  <title>
</title>
<meta http-equiv="Content-Type" content="text/html;charset=utf-8" />
  <meta name='ocr-system' content='tesseract 3.04.00' />
  <meta name='ocr-capabilities' content='ocr_page ocr_carea ocr_par ocr_line ocrx_word'/>
</head>
<body>
  <div class='ocr_page' id='page_1' title='image "./samuelisstrykii09schogoog/samuelisstrykii09schogoog_0070.png"; bbox 0 0 4424 6340; ppageno 0'>
   <div class='ocr_carea' id='block_1_1' title="bbox 372 529 1140 672">
    <p class='ocr_par' dir='ltr' id='par_1_1' title="bbox 372 529 1140 672">
     <span class='ocr_line' id='line_1_1' title="bbox 447 529 492 564; baseline -0.044 0"><span class='ocrx_word' id='word_1_1' title='bbox 447 529 492 564; x_wconf 81' lang='lat' dir='ltr'>tar</span> 
     </span>
     <span class='ocr_line' id='line_1_2' title="bbox 372 601 1140 672; baseline -0.029 0"><span class='ocrx_word' id='word_1_2' title='bbox 372 615 470 672; x_wconf 80' lang='lat' dir='ltr'>veriat.</span> <span class='ocrx_word' id='word_1_3' title='bbox 489 611 546 664; x_wconf 86' lang='lat' dir='ltr'>llos</span> <span class='ocrx_word' id='word_1_4' title='bbox 565 617 653 661; x_wconf 84' lang='lat' dir='ltr'>autern</span> <span class='ocrx_word' id='word_1_5' title='bbox 665 601 845 657; x_wconf 86' lang='lat' dir='ltr'>Dardanarios</span> <span class='ocrx_word' id='word_1_6' title='bbox 859 617 916 654; x_wconf 89' lang='lat' dir='ltr'>esse</span> <span class='ocrx_word' id='word_1_7' title='bbox 931 610 984 653; x_wconf 88' lang='lat' dir='ltr'>tarn</span> <span class='ocrx_word' id='word_1_8' title='bbox 999 617 1030 652; x_wconf 83' lang='lat' dir='ltr'>ex</span> <span class='ocrx_word' id='word_1_9' title='bbox 1045 601 1071 653; x_wconf 77' lang='lat' dir='ltr'>d.</span> <span class='ocrx_word' id='word_1_10' title='bbox 1083 601 1100 651; x_wconf 88' lang='lat' dir='ltr'>l.</span> <span class='ocrx_word' id='word_1_11' title='bbox 1133 635 1140 650; x_wconf 92' lang='lat'>.</span> 
     </span>
    </p>
   </div>
   <div class='ocr_carea' id='block_1_2' title="bbox 928 499 1405 560">
    <p class='ocr_par' dir='ltr' id='par_1_2' title="bbox 928 499 1405 560">
     <span class='ocr_line' id='line_1_3' title="bbox 928 499 1405 560; baseline 0 -6"><span class='ocrx_word' id='word_1_12' title='bbox 928 499 1119 556; x_wconf 74' lang='lat' dir='ltr'>DISPUTAT.</span> <span class='ocrx_word' id='word_1_13' title='bbox 1138 501 1176 554; x_wconf 92' lang='lat' dir='ltr'>ll.</span> <span class='ocrx_word' id='word_1_14' title='bbox 1194 500 1311 556; x_wconf 74' lang='lat' dir='ltr'>CAPUT</span> <span class='ocrx_word' id='word_1_15' title='bbox 1330 505 1405 560; x_wconf 81' lang='lat' dir='ltr'>vttt.</span> 
     </span>
    </p>
   </div>
   <div class='ocr_carea' id='block_1_3' title="bbox 1193 531 1958 678">
    <p class='ocr_par' dir='ltr' id='par_1_3' title="bbox 1193 531 1958 678">
     <span class='ocr_line' id='line_1_4' title="bbox 1837 531 1887 565; baseline 0.06 -2"><span class='ocrx_word' id='word_1_16' title='bbox 1837 531 1887 565; x_wconf 78' lang='lat' dir='ltr'>raa</span> 
     </span>
     <span class='ocr_line' id='line_1_5' title="bbox 1193 599 1958 678; baseline 0.022 -28"><span class='ocrx_word' id='word_1_17' title='bbox 1193 599 1334 666; x_wconf 76' lang='lat' dir='ltr'>fallaciae,</span> <span class='ocrx_word' id='word_1_18' title='bbox 1354 619 1405 672; x_wconf 91' lang='lat' dir='ltr'>que</span> <span class='ocrx_word' id='word_1_19' title='bbox 1422 603 1491 655; x_wconf 83' lang='lat' dir='ltr'>circa</span> <span class='ocrx_word' id='word_1_20' title='bbox 1511 621 1647 658; x_wconf 86' lang='lat' dir='ltr'>mensuras</span> <span class='ocrx_word' id='word_1_21' title='bbox 1665 609 1798 660; x_wconf 89' lang='lat' dir='ltr'>committi</span> <span class='ocrx_word' id='word_1_22' title='bbox 1818 609 1958 678; x_wconf 84' lang='lat' dir='ltr'>solebant,</span> 
     </span>
    </p>
   </div>
   <div class='ocr_carea' id='block_1_4' title="bbox 373 681 1959 773">
    <p class='ocr_par' dir='ltr' id='par_1_4' title="bbox 373 681 1959 773">
     <span class='ocr_line' id='line_1_6' title="bbox 373 681 1959 773; baseline -0.009 -20"><span class='ocrx_word' id='word_1_23' title='bbox 373 717 452 773; x_wconf 85' lang='lat' dir='ltr'>quam</span> <span class='ocrx_word' id='word_1_24' title='bbox 476 715 512 749; x_wconf 76' lang='lat' dir='ltr'>es</span> <span class='ocrx_word' id='word_1_25' title='bbox 536 695 566 746; x_wconf 82' lang='lat' dir='ltr'>L.</span> <span class='ocrx_word' id='word_1_26' title='bbox 594 692 623 744; x_wconf 87' lang='lat' dir='ltr'>in</span> <span class='ocrx_word' id='word_1_27' title='bbox 650 687 849 744; x_wconf 86' lang='lat' dir='ltr'>Durdunurios</span> <span class='ocrx_word' id='word_1_28' title='bbox 875 697 916 737; x_wconf 82' lang='lat' dir='ltr'>st.</span> <span class='ocrx_word' id='word_1_29' title='bbox 931 681 973 752; x_wconf 73' lang='lat' dir='ltr'><em>ff</em></span> <span class='ocrx_word' id='word_1_30' title='bbox 999 684 1033 737; x_wconf 83' lang='lat' dir='ltr'>de</span> <span class='ocrx_word' id='word_1_31' title='bbox 1062 703 1142 754; x_wconf 84' lang='lat' dir='ltr'>poen.</span> <span class='ocrx_word' id='word_1_32' title='bbox 1192 682 1308 738; x_wconf 76' lang='lat' dir='ltr'>faciliori</span> <span class='ocrx_word' id='word_1_33' title='bbox 1326 691 1431 756; x_wconf 78' lang='lat' dir='ltr'>negotio</span> <span class='ocrx_word' id='word_1_34' title='bbox 1451 689 1556 758; x_wconf 81' lang='lat' dir='ltr'><strong>possint</strong></span> <span class='ocrx_word' id='word_1_35' title='bbox 1576 690 1681 754; x_wconf 81' lang='lat' dir='ltr'>evitari,</span> <span class='ocrx_word' id='word_1_36' title='bbox 1695 692 1759 743; x_wconf 90' lang='lat' dir='ltr'>etsi</span> <span class='ocrx_word' id='word_1_37' title='bbox 1773 711 1822 764; x_wconf 87' lang='lat' dir='ltr'>qua</span> <span class='ocrx_word' id='word_1_38' title='bbox 1837 695 1959 764; x_wconf 71' lang='lat' dir='ltr'>dejusri.</span> 
     </span>
    </p>
   </div>
   <div class='ocr_carea' id='block_1_5' title="bbox 326 765 1156 1868">
    <p class='ocr_par' dir='ltr' id='par_1_5' title="bbox 375 765 1144 941">
     <span class='ocr_line' id='line_1_7' title="bbox 375 765 1144 850; baseline -0.027 -12"><span class='ocrx_word' id='word_1_39' title='bbox 375 787 418 838; x_wconf 91' lang='lat' dir='ltr'>uti</span> <span class='ocrx_word' id='word_1_40' title='bbox 435 793 462 838; x_wconf 90' lang='lat' dir='ltr'>et</span> <span class='ocrx_word' id='word_1_41' title='bbox 479 797 512 836; x_wconf 79' lang='lat' dir='ltr'>ex</span> <span class='ocrx_word' id='word_1_42' title='bbox 530 794 605 850; x_wconf 87' lang='lat' dir='ltr'>supr.</span> <span class='ocrx_word' id='word_1_43' title='bbox 623 794 646 828; x_wconf 88' lang='lat' dir='ltr'>c.</span> <span class='ocrx_word' id='word_1_44' title='bbox 667 785 691 826; x_wconf 79' lang='grc' dir='ltr'>ι.</span> <span class='ocrx_word' id='word_1_45' title='bbox 710 770 852 838; x_wconf 89' lang='lat' dir='ltr'>adductis,</span> <span class='ocrx_word' id='word_1_46' title='bbox 870 769 926 822; x_wconf 91' lang='lat' dir='ltr'>sote</span> <span class='ocrx_word' id='word_1_47' title='bbox 950 767 1047 820; x_wconf 84' lang='lat' dir='ltr'>clarius</span> <span class='ocrx_word' id='word_1_48' title='bbox 1070 765 1144 818; x_wconf 79' lang='lat' dir='ltr'>efful-</span> 
     </span>
     <span class='ocr_line' id='line_1_8' title="bbox 380 878 438 941; baseline -0.086 -18"><span class='ocrx_word' id='word_1_49' title='bbox 380 878 438 941; x_wconf 79' lang='lat' dir='ltr'>get.</span> 
     </span>
    </p>

    <p class='ocr_par' dir='ltr' id='par_1_6' title="bbox 326 933 1156 1868">
     <span class='ocr_line' id='line_1_9' title="bbox 326 933 1144 1012; baseline -0.028 -4"><span class='ocrx_word' id='word_1_50' title='bbox 326 968 339 1007; x_wconf 88' lang='lat'>2</span> <span class='ocrx_word' id='word_1_51' title='bbox 414 953 469 1005; x_wconf 81' lang='lat' dir='ltr'>Nec</span> <span class='ocrx_word' id='word_1_52' title='bbox 483 946 570 1000; x_wconf 88' lang='lat' dir='ltr'>minor</span> <span class='ocrx_word' id='word_1_53' title='bbox 589 944 638 996; x_wconf 89' lang='lat' dir='ltr'>hos</span> <span class='ocrx_word' id='word_1_54' title='bbox 657 959 735 1012; x_wconf 59' lang='lat' dir='ltr'>mam</span> <span class='ocrx_word' id='word_1_55' title='bbox 756 942 832 1008; x_wconf 85' lang='lat' dir='ltr'>illos,</span> <span class='ocrx_word' id='word_1_56' title='bbox 850 939 897 1010; x_wconf 92' lang='lat' dir='ltr'>qui</span> <span class='ocrx_word' id='word_1_57' title='bbox 922 955 1052 991; x_wconf 79' lang='lat' dir='ltr'><strong>annonam</strong></span> <span class='ocrx_word' id='word_1_58' title='bbox 1072 933 1144 986; x_wconf 80' lang='lat' dir='ltr'>irau-</span> 
     </span>
     <span class='ocr_line' id='line_1_10' title="bbox 382 1018 1145 1097; baseline -0.031 -5"><span class='ocrx_word' id='word_1_59' title='bbox 382 1041 448 1092; x_wconf 90' lang='lat' dir='ltr'>dare</span> <span class='ocrx_word' id='word_1_60' title='bbox 465 1049 591 1094; x_wconf 84' lang='lat' dir='ltr'>suerere,</span> <span class='ocrx_word' id='word_1_61' title='bbox 610 1028 752 1081; x_wconf 85' lang='lat' dir='ltr'>comitatur</span> <span class='ocrx_word' id='word_1_62' title='bbox 767 1027 919 1097; x_wconf 70' lang='lat' dir='ltr'>turpitudo:</span> <span class='ocrx_word' id='word_1_63' title='bbox 942 1022 1053 1074; x_wconf 79' lang='lat' dir='ltr'>Animos</span> <span class='ocrx_word' id='word_1_64' title='bbox 1073 1018 1145 1072; x_wconf 77' lang='lat' dir='ltr'>enim</span> 
     </span>
     <span class='ocr_line' id='line_1_11' title="bbox 383 1101 1148 1192; baseline -0.03 -16"><span class='ocrx_word' id='word_1_65' title='bbox 383 1117 555 1192; x_wconf 87' lang='lat' dir='ltr'>decipiendi,</span> <span class='ocrx_word' id='word_1_66' title='bbox 574 1113 620 1185; x_wconf 91' lang='lat' dir='ltr'>qui</span> <span class='ocrx_word' id='word_1_67' title='bbox 639 1115 680 1165; x_wconf 86' lang='lat' dir='ltr'>rel</span> <span class='ocrx_word' id='word_1_68' title='bbox 699 1113 770 1164; x_wconf 89' lang='lat' dir='ltr'>solus</span> <span class='ocrx_word' id='word_1_69' title='bbox 789 1107 953 1161; x_wconf 90' lang='lat' dir='ltr'>damnabilis</span> <span class='ocrx_word' id='word_1_70' title='bbox 973 1115 1030 1169; x_wconf 88' lang='lat' dir='ltr'>cst,</span> <span class='ocrx_word' id='word_1_71' title='bbox 1051 1104 1080 1155; x_wconf 91' lang='lat' dir='ltr'>in</span> <span class='ocrx_word' id='word_1_72' title='bbox 1104 1101 1148 1153; x_wconf 88' lang='lat' dir='ltr'>his</span> 
     </span>
     <span class='ocr_line' id='line_1_12' title="bbox 383 1187 1148 1260; baseline -0.034 0"><span class='ocrx_word' id='word_1_73' title='bbox 383 1209 469 1260; x_wconf 86' lang='lat' dir='ltr'>elucet</span> <span class='ocrx_word' id='word_1_74' title='bbox 490 1199 615 1255; x_wconf 86' lang='lat' dir='ltr'>maxime.</span> <span class='ocrx_word' id='word_1_75' title='bbox 630 1195 686 1246; x_wconf 82' lang='lat' dir='ltr'>Nec</span> <span class='ocrx_word' id='word_1_76' title='bbox 698 1193 767 1246; x_wconf 86' lang='lat' dir='ltr'>haud</span> <span class='ocrx_word' id='word_1_77' title='bbox 779 1211 838 1246; x_wconf 86' lang='lat' dir='ltr'>raro</span> <span class='ocrx_word' id='word_1_78' title='bbox 859 1193 902 1243; x_wconf 92' lang='lat' dir='ltr'>hic</span> <span class='ocrx_word' id='word_1_79' title='bbox 923 1187 1030 1242; x_wconf 77' lang='lat' dir='ltr'>fallendi</span> <span class='ocrx_word' id='word_1_80' title='bbox 1044 1187 1148 1238; x_wconf 85' lang='lat' dir='ltr'>animus</span> 
     </span>
     <span class='ocr_line' id='line_1_13' title="bbox 382 1267 1150 1358; baseline -0.031 -17"><span class='ocrx_word' id='word_1_81' title='bbox 382 1291 412 1341; x_wconf 94' lang='lat' dir='ltr'>in</span> <span class='ocrx_word' id='word_1_82' title='bbox 428 1289 518 1358; x_wconf 91' lang='lat' dir='ltr'>ipsum</span> <span class='ocrx_word' id='word_1_83' title='bbox 537 1293 622 1336; x_wconf 86' lang='lat' dir='ltr'>actum</span> <span class='ocrx_word' id='word_1_84' title='bbox 642 1279 790 1332; x_wconf 79' lang='lat' dir='ltr'>deducitur.</span> <span class='ocrx_word' id='word_1_85' title='bbox 810 1275 882 1346; x_wconf 81' lang='lat' dir='ltr'>Quid</span> <span class='ocrx_word' id='word_1_86' title='bbox 897 1274 969 1326; x_wconf 91' lang='lat' dir='ltr'>enim</span> <span class='ocrx_word' id='word_1_87' title='bbox 985 1267 1150 1340; x_wconf 74' lang='lat' dir='ltr'>frequentius</span> 
     </span>
     <span class='ocr_line' id='line_1_14' title="bbox 383 1354 1150 1437; baseline -0.029 -12"><span class='ocrx_word' id='word_1_88' title='bbox 383 1375 413 1425; x_wconf 92' lang='lat' dir='ltr'>in</span> <span class='ocrx_word' id='word_1_89' title='bbox 437 1367 566 1422; x_wconf 89' lang='lat' dir='ltr'>nundinis</span> <span class='ocrx_word' id='word_1_90' title='bbox 591 1363 721 1437; x_wconf 76' lang='lat' dir='ltr'>publicis,</span> <span class='ocrx_word' id='word_1_91' title='bbox 740 1379 817 1430; x_wconf 87' lang='lat' dir='ltr'>quarn</span> <span class='ocrx_word' id='word_1_92' title='bbox 846 1359 977 1426; x_wconf 83' lang='lat' dir='ltr'>ejusmodi</span> <span class='ocrx_word' id='word_1_93' title='bbox 1002 1354 1150 1426; x_wconf 75' lang='lat' dir='ltr'>ponderum</span> 
     </span>
     <span class='ocr_line' id='line_1_15' title="bbox 383 1441 1152 1518; baseline -0.035 -6"><span class='ocrx_word' id='word_1_94' title='bbox 383 1479 412 1512; x_wconf 87' lang='lat' dir='ltr'>ac</span> <span class='ocrx_word' id='word_1_95' title='bbox 436 1468 622 1508; x_wconf 85' lang='lat' dir='ltr'>mensurarum</span> <span class='ocrx_word' id='word_1_96' title='bbox 646 1443 824 1518; x_wconf 69' lang='lat' dir='ltr'>depravatio?</span> <span class='ocrx_word' id='word_1_97' title='bbox 843 1444 890 1496; x_wconf 79' lang='lat' dir='ltr'>Sic</span> <span class='ocrx_word' id='word_1_98' title='bbox 907 1442 983 1511; x_wconf 83' lang='lat' dir='ltr'>opud</span> <span class='ocrx_word' id='word_1_99' title='bbox 998 1441 1152 1508; x_wconf 72' lang='lat' dir='ltr'>Conponat</span> 
     </span>
     <span class='ocr_line' id='line_1_16' title="bbox 385 1525 1152 1613; baseline -0.037 -14"><span class='ocrx_word' id='word_1_100' title='bbox 385 1557 411 1599; x_wconf 88' lang='lat' dir='ltr'>et</span> <span class='ocrx_word' id='word_1_101' title='bbox 434 1541 590 1613; x_wconf 80' lang='lat' dir='ltr'>dsyropolus</span> <span class='ocrx_word' id='word_1_102' title='bbox 606 1536 720 1606; x_wconf 81' lang='lat' dir='ltr'>grundis</span> <span class='ocrx_word' id='word_1_103' title='bbox 738 1533 784 1584; x_wconf 87' lang='lat' dir='ltr'>ille</span> <span class='ocrx_word' id='word_1_104' title='bbox 803 1550 836 1584; x_wconf 88' lang='lat' dir='ltr'>uc</span> <span class='ocrx_word' id='word_1_105' title='bbox 849 1528 988 1601; x_wconf 62' lang='lat' dir='ltr'>nefandae-t</span> <span class='ocrx_word' id='word_1_106' title='bbox 999 1525 1152 1598; x_wconf 84' lang='lat' dir='ltr'>ponderum</span> 
     </span>
     <span class='ocr_line' id='line_1_17' title="bbox 385 1611 1153 1683; baseline -0.031 0"><span class='ocrx_word' id='word_1_107' title='bbox 385 1650 419 1683; x_wconf 86' lang='lat' dir='ltr'>oc</span> <span class='ocrx_word' id='word_1_108' title='bbox 438 1639 627 1681; x_wconf 85' lang='lat' dir='ltr'>mensurarum</span> <span class='ocrx_word' id='word_1_109' title='bbox 648 1618 749 1674; x_wconf 74' lang='lat' dir='ltr'>abrasus</span> <span class='ocrx_word' id='word_1_110' title='bbox 765 1612 937 1682; x_wconf 84' lang='lat' dir='ltr'>sinesronte</span> <span class='ocrx_word' id='word_1_111' title='bbox 955 1631 988 1664; x_wconf 86' lang='lat' dir='ltr'>uc</span> <span class='ocrx_word' id='word_1_112' title='bbox 1006 1618 1078 1662; x_wconf 87' lang='lat' dir='ltr'>metu</span> <span class='ocrx_word' id='word_1_113' title='bbox 1101 1611 1153 1660; x_wconf 85' lang='lat' dir='ltr'>Le·</span> 
     </span>
     <span class='ocr_line' id='line_1_18' title="bbox 385 1693 1154 1784; baseline -0.029 -20"><span class='ocrx_word' id='word_1_114' title='bbox 385 1733 463 1784; x_wconf 75' lang='lat' dir='ltr'>gum,</span> <span class='ocrx_word' id='word_1_115' title='bbox 482 1719 539 1761; x_wconf 85' lang='lat' dir='ltr'>toto</span> <span class='ocrx_word' id='word_1_116' title='bbox 560 1705 602 1758; x_wconf 86' lang='lat' dir='ltr'>dic</span> <span class='ocrx_word' id='word_1_117' title='bbox 620 1702 797 1772; x_wconf 81' lang='lat' dir='ltr'>conspicitur·</span> <span class='ocrx_word' id='word_1_118' title='bbox 823 1703 968 1752; x_wconf 78' lang='lat' dir='ltr'>Venantur</span> <span class='ocrx_word' id='word_1_119' title='bbox 991 1693 1056 1746; x_wconf 87' lang='lat' dir='ltr'>inde</span> <span class='ocrx_word' id='word_1_120' title='bbox 1079 1695 1154 1745; x_wconf 83' lang='lat' dir='ltr'>Pro-</span> 
     </span>
     <span class='ocr_line' id='line_1_19' title="bbox 384 1775 1156 1868; baseline -0.032 -17"><span class='ocrx_word' id='word_1_121' title='bbox 384 1799 465 1868; x_wconf 86' lang='lat' dir='ltr'>polue</span> <span class='ocrx_word' id='word_1_122' title='bbox 483 1803 623 1866; x_wconf 81' lang='lat' dir='ltr'>qrruesturn</span> <span class='ocrx_word' id='word_1_123' title='bbox 646 1803 749 1851; x_wconf 81' lang='lat' dir='ltr'>sarum,</span> <span class='ocrx_word' id='word_1_124' title='bbox 774 1785 892 1855; x_wconf 80' lang='lat' dir='ltr'>altisque</span> <span class='ocrx_word' id='word_1_125' title='bbox 919 1781 994 1834; x_wconf 87' lang='lat' dir='ltr'>mille</span> <span class='ocrx_word' id='word_1_126' title='bbox 1022 1775 1156 1831; x_wconf 77' lang='lat' dir='ltr'>similibus</span> 
     </span>
    </p>
   </div>
   <div class='ocr_carea' id='block_1_6' title="bbox 387 1857 1162 1941">
    <p class='ocr_par' dir='ltr' id='par_1_7' title="bbox 387 1857 1162 1941">
     <span class='ocr_line' id='line_1_20' title="bbox 387 1857 1162 1941; baseline -0.028 -11"><span class='ocrx_word' id='word_1_127' title='bbox 387 1879 491 1933; x_wconf 78' lang='lat' dir='ltr'>reclinis</span> <span class='ocrx_word' id='word_1_128' title='bbox 503 1887 529 1930; x_wconf 87' lang='lat' dir='ltr'>et</span> <span class='ocrx_word' id='word_1_129' title='bbox 546 1871 708 1941; x_wconf 75' lang='lat' dir='ltr'>excogitatis</span> <span class='ocrx_word' id='word_1_130' title='bbox 726 1869 814 1922; x_wconf 84' lang='lat' dir='ltr'>modis</span> <span class='ocrx_word' id='word_1_131' title='bbox 832 1866 973 1935; x_wconf 73' lang='lat' dir='ltr'>Rumpull.</span> <span class='ocrx_word' id='word_1_132' title='bbox 988 1857 1162 1934; x_wconf 79' lang='lat' dir='ltr'>opprimunt,</span> 
     </span>
    </p>
   </div>
   <div class='ocr_carea' id='block_1_7' title="bbox 358 1946 1176 5317">
    <p class='ocr_par' dir='ltr' id='par_1_8' title="bbox 387 1946 1165 3204">
     <span class='ocr_line' id='line_1_21' title="bbox 388 1946 1158 2020; baseline -0.032 -2"><span class='ocrx_word' id='word_1_133' title='bbox 388 1979 414 2020; x_wconf 87' lang='lat' dir='ltr'>et</span> <span class='ocrx_word' id='word_1_134' title='bbox 427 1979 519 2016; x_wconf 89' lang='lat' dir='ltr'>rerum</span> <span class='ocrx_word' id='word_1_135' title='bbox 537 1959 660 2012; x_wconf 85' lang='lat' dir='ltr'>omnium</span> <span class='ocrx_word' id='word_1_136' title='bbox 679 1954 852 2009; x_wconf 81' lang='lat' dir='ltr'>carissimum</span> <span class='ocrx_word' id='word_1_137' title='bbox 873 1965 1019 2007; x_wconf 81' lang='lat' dir='ltr'>annonam</span> <span class='ocrx_word' id='word_1_138' title='bbox 1036 1946 1158 2016; x_wconf 73' lang='lat' dir='ltr'>perilo-</span> 
     </span>
     <span class='ocr_line' id='line_1_22' title="bbox 387 2031 1158 2120; baseline -0.034 -19"><span class='ocrx_word' id='word_1_139' title='bbox 387 2050 534 2120; x_wconf 83' lang='lat' dir='ltr'>gr&#39;rtrntom</span> <span class='ocrx_word' id='word_1_140' title='bbox 551 2040 767 2096; x_wconf 82' lang='lat' dir='ltr'>somnolentiam</span> <span class='ocrx_word' id='word_1_141' title='bbox 786 2034 923 2106; x_wconf 86' lang='lat' dir='ltr'>inserunt,</span> <span class='ocrx_word' id='word_1_142' title='bbox 943 2031 983 2085; x_wconf 90' lang='lat' dir='ltr'>uti</span> <span class='ocrx_word' id='word_1_143' title='bbox 995 2043 1158 2100; x_wconf 87' lang='lat' dir='ltr'>conquerun-</span> 
     </span>
     <span class='ocr_line' id='line_1_23' title="bbox 390 2122 1157 2200; baseline -0.02 -16"><span class='ocrx_word' id='word_1_144' title='bbox 390 2144 434 2186; x_wconf 85' lang='lat' dir='ltr'>tur</span> <span class='ocrx_word' id='word_1_145' title='bbox 460 2133 513 2183; x_wconf 89' lang='lat' dir='ltr'>Dn.</span> <span class='ocrx_word' id='word_1_146' title='bbox 533 2130 627 2200; x_wconf 88' lang='lat' dir='ltr'>Carpz.</span> <span class='ocrx_word' id='word_1_147' title='bbox 656 2131 707 2180; x_wconf 79' lang='lat' dir='ltr'>Pr.</span> <span class='ocrx_word' id='word_1_148' title='bbox 730 2125 812 2177; x_wconf 77' lang='lat' dir='ltr'>Crim.</span> <span class='ocrx_word' id='word_1_149' title='bbox 832 2125 868 2176; x_wconf 87' lang='lat' dir='ltr'>P.</span> <span class='ocrx_word' id='word_1_150' title='bbox 888 2131 911 2171; x_wconf 81' lang='lat'>2.</span> <span class='ocrx_word' id='word_1_151' title='bbox 935 2122 967 2187; x_wconf 82' lang='lat' dir='ltr'>Q.</span> <span class='ocrx_word' id='word_1_152' title='bbox 992 2130 1034 2170; x_wconf 79' lang='lat' dir='ltr'>ss.</span> <span class='ocrx_word' id='word_1_153' title='bbox 1061 2135 1088 2168; x_wconf 82' lang='lat' dir='ltr'>n.</span> <span class='ocrx_word' id='word_1_154' title='bbox 1115 2125 1157 2169; x_wconf 76' lang='lat' dir='ltr'>ts·</span> 
     </span>
     <span class='ocr_line' id='line_1_24' title="bbox 391 2204 1160 2272; baseline -0.034 -1"><span class='ocrx_word' id='word_1_155' title='bbox 391 2219 481 2272; x_wconf 83' lang='lat' dir='ltr'>lodoc.</span> <span class='ocrx_word' id='word_1_156' title='bbox 508 2213 692 2268; x_wconf 87' lang='lat' dir='ltr'>Damhouder.</span> <span class='ocrx_word' id='word_1_157' title='bbox 718 2215 769 2265; x_wconf 87' lang='lat' dir='ltr'>Pr.</span> <span class='ocrx_word' id='word_1_158' title='bbox 787 2225 840 2261; x_wconf 83' lang='lat' dir='ltr'>rer·</span> <span class='ocrx_word' id='word_1_159' title='bbox 859 2204 946 2261; x_wconf 84' lang='lat' dir='ltr'>Crim.</span> <span class='ocrx_word' id='word_1_160' title='bbox 966 2220 988 2256; x_wconf 87' lang='lat' dir='ltr'>c.</span> <span class='ocrx_word' id='word_1_161' title='bbox 1010 2213 1068 2254; x_wconf 78' lang='grc' dir='ltr'><strong>ιιι.</strong></span> <span class='ocrx_word' id='word_1_162' title='bbox 1087 2217 1114 2250; x_wconf 89' lang='lat' dir='ltr'>n.</span> <span class='ocrx_word' id='word_1_163' title='bbox 1135 2208 1160 2247; x_wconf 81' lang='lat' dir='ltr'>s.</span> 
     </span>
     <span class='ocr_line' id='line_1_25' title="bbox 396 2281 1159 2356; baseline -0.03 -1"><span class='ocrx_word' id='word_1_164' title='bbox 396 2303 492 2356; x_wconf 68' lang='lat' dir='ltr'>Zieriz.</span> <span class='ocrx_word' id='word_1_165' title='bbox 512 2298 551 2352; x_wconf 84' lang='lat' dir='ltr'>od</span> <span class='ocrx_word' id='word_1_166' title='bbox 571 2296 684 2350; x_wconf 84' lang='lat' dir='ltr'>Constit.</span> <span class='ocrx_word' id='word_1_167' title='bbox 703 2293 790 2348; x_wconf 88' lang='lat' dir='ltr'>Crim.</span> <span class='ocrx_word' id='word_1_168' title='bbox 812 2290 900 2343; x_wconf 83' lang='lat' dir='ltr'>Artic.</span> <span class='ocrx_word' id='word_1_169' title='bbox 923 2299 981 2340; x_wconf 80' lang='grc' dir='ltr'><strong>ιιι.</strong></span> <span class='ocrx_word' id='word_1_170' title='bbox 996 2281 1159 2338; x_wconf 84' lang='lat' dir='ltr'>Hineetiam</span> 
     </span>
     <span class='ocr_line' id='line_1_26' title="bbox 392 2369 1162 2452; baseline -0.026 -16"><span class='ocrx_word' id='word_1_171' title='bbox 392 2387 487 2438; x_wconf 75' lang='lat' dir='ltr'>alirino</span> <span class='ocrx_word' id='word_1_172' title='bbox 506 2385 563 2452; x_wconf 82' lang='lat' dir='ltr'>jure</span> <span class='ocrx_word' id='word_1_173' title='bbox 574 2381 738 2452; x_wconf 88' lang='lat' dir='ltr'>prohibitum</span> <span class='ocrx_word' id='word_1_174' title='bbox 754 2374 922 2430; x_wconf 68' lang='lat' dir='ltr'>serenissime</span> <span class='ocrx_word' id='word_1_175' title='bbox 935 2371 984 2424; x_wconf 89' lang='lat' dir='ltr'>boc</span> <span class='ocrx_word' id='word_1_176' title='bbox 998 2369 1099 2423; x_wconf 83' lang='lat' dir='ltr'>crimen</span> <span class='ocrx_word' id='word_1_177' title='bbox 1113 2375 1162 2430; x_wconf 87' lang='lat' dir='ltr'>est,</span> 
     </span>
     <span class='ocr_line' id='line_1_27' title="bbox 393 2451 1163 2538; baseline -0.029 -16"><span class='ocrx_word' id='word_1_178' title='bbox 393 2482 419 2522; x_wconf 93' lang='lat' dir='ltr'>et</span> <span class='ocrx_word' id='word_1_179' title='bbox 433 2469 528 2538; x_wconf 87' lang='lat' dir='ltr'>siquis</span> <span class='ocrx_word' id='word_1_180' title='bbox 547 2467 621 2518; x_wconf 82' lang='lat' dir='ltr'>salsis</span> <span class='ocrx_word' id='word_1_181' title='bbox 647 2464 783 2517; x_wconf 87' lang='lat' dir='ltr'>mensuris</span> <span class='ocrx_word' id='word_1_182' title='bbox 797 2469 906 2520; x_wconf 86' lang='lat' dir='ltr'>utatur,</span> <span class='ocrx_word' id='word_1_183' title='bbox 926 2451 1113 2508; x_wconf 86' lang='lat' dir='ltr'>abominabilis</span> <span class='ocrx_word' id='word_1_184' title='bbox 1132 2467 1163 2502; x_wconf 90' lang='lat' dir='ltr'>eo</span> 
     </span>
     <span class='ocr_line' id='line_1_28' title="bbox 394 2543 1160 2626; baseline -0.029 -20"><span class='ocrx_word' id='word_1_185' title='bbox 394 2557 452 2626; x_wconf 89' lang='lat' dir='ltr'>ipso</span> <span class='ocrx_word' id='word_1_186' title='bbox 471 2555 580 2606; x_wconf 90' lang='lat' dir='ltr'>Summo</span> <span class='ocrx_word' id='word_1_187' title='bbox 599 2549 710 2602; x_wconf 82' lang='lat' dir='ltr'>h&#39;umini</span> <span class='ocrx_word' id='word_1_188' title='bbox 733 2545 865 2599; x_wconf 75' lang='lat' dir='ltr'>redditur.</span> <span class='ocrx_word' id='word_1_189' title='bbox 886 2543 998 2595; x_wconf 84' lang='lat' dir='ltr'>Denter.</span> <span class='ocrx_word' id='word_1_190' title='bbox 1017 2556 1039 2590; x_wconf 86' lang='lat' dir='ltr'>c.</span> <span class='ocrx_word' id='word_1_191' title='bbox 1067 2548 1108 2589; x_wconf 79' lang='grc' dir='ltr'>ιι.</span> <span class='ocrx_word' id='word_1_192' title='bbox 1132 2551 1160 2586; x_wconf 84' lang='grc' dir='ltr'>ιι.</span> 
     </span>
     <span class='ocr_line' id='line_1_29' title="bbox 399 2621 1162 2706; baseline -0.031 -15"><span class='ocrx_word' id='word_1_193' title='bbox 399 2655 439 2692; x_wconf 83' lang='grc' dir='ltr'>ιι.</span> <span class='ocrx_word' id='word_1_194' title='bbox 458 2637 612 2706; x_wconf 83' lang='lat' dir='ltr'>Repetitum</span> <span class='ocrx_word' id='word_1_195' title='bbox 634 2632 704 2682; x_wconf 92' lang='lat' dir='ltr'>idem</span> <span class='ocrx_word' id='word_1_196' title='bbox 726 2630 804 2682; x_wconf 86' lang='lat' dir='ltr'>toties</span> <span class='ocrx_word' id='word_1_197' title='bbox 823 2627 902 2690; x_wconf 85' lang='lat' dir='ltr'>alibi,</span> <span class='ocrx_word' id='word_1_198' title='bbox 923 2633 952 2677; x_wconf 86' lang='lat' dir='ltr'>ot</span> <span class='ocrx_word' id='word_1_199' title='bbox 970 2621 1059 2674; x_wconf 81' lang='lat' dir='ltr'>levit.</span> <span class='ocrx_word' id='word_1_200' title='bbox 1077 2639 1100 2673; x_wconf 91' lang='lat' dir='ltr'>c.</span> <span class='ocrx_word' id='word_1_201' title='bbox 1122 2630 1162 2670; x_wconf 85' lang='lat' dir='ltr'>ts.</span> 
     </span>
     <span class='ocr_line' id='line_1_30' title="bbox 395 2714 1163 2790; baseline -0.031 -14"><span class='ocrx_word' id='word_1_202' title='bbox 395 2743 417 2776; x_wconf 81' lang='lat' dir='ltr'>c.</span> <span class='ocrx_word' id='word_1_203' title='bbox 440 2733 480 2774; x_wconf 82' lang='lat' dir='ltr'>ss.</span> <span class='ocrx_word' id='word_1_204' title='bbox 498 2737 553 2790; x_wconf 77' lang='lat' dir='ltr'>req.</span> <span class='ocrx_word' id='word_1_205' title='bbox 575 2715 705 2772; x_wconf 76' lang='lat' dir='ltr'>Proverb-</span> <span class='ocrx_word' id='word_1_206' title='bbox 727 2725 766 2766; x_wconf 96' lang='grc' dir='ltr'>ιι.</span> <span class='ocrx_word' id='word_1_207' title='bbox 788 2731 810 2764; x_wconf 84' lang='lat' dir='ltr'>u.</span> <span class='ocrx_word' id='word_1_208' title='bbox 833 2722 855 2764; x_wconf 90' lang='grc' dir='ltr'>ι.</span> <span class='ocrx_word' id='word_1_209' title='bbox 870 2729 892 2763; x_wconf 85' lang='lat' dir='ltr'>c.</span> <span class='ocrx_word' id='word_1_210' title='bbox 909 2717 949 2759; x_wconf 84' lang='grc' dir='ltr'>ιι.</span> <span class='ocrx_word' id='word_1_211' title='bbox 963 2725 986 2758; x_wconf 82' lang='lat' dir='ltr'>u.</span> <span class='ocrx_word' id='word_1_212' title='bbox 1004 2717 1043 2758; x_wconf 90' lang='grc' dir='ltr'>ιι.</span> <span class='ocrx_word' id='word_1_213' title='bbox 1056 2714 1104 2756; x_wconf 82' lang='lat' dir='ltr'>etc.</span> <span class='ocrx_word' id='word_1_214' title='bbox 1120 2714 1163 2754; x_wconf 81' lang='lat' dir='ltr'>aa.</span> 
     </span>
     <span class='ocr_line' id='line_1_31' title="bbox 396 2795 1164 2860; baseline -0.03 0"><span class='ocrx_word' id='word_1_215' title='bbox 396 2827 418 2860; x_wconf 80' lang='lat' dir='ltr'>r·</span> <span class='ocrx_word' id='word_1_216' title='bbox 442 2818 478 2858; x_wconf 51' lang='lat' dir='ltr'>to.</span> <span class='ocrx_word' id='word_1_217' title='bbox 500 2802 599 2858; x_wconf 79' lang='lat' dir='ltr'>Ezeclr.</span> <span class='ocrx_word' id='word_1_218' title='bbox 619 2819 641 2852; x_wconf 88' lang='lat' dir='ltr'>c.</span> <span class='ocrx_word' id='word_1_219' title='bbox 663 2810 703 2850; x_wconf 78' lang='lat' dir='ltr'>ts.</span> <span class='ocrx_word' id='word_1_220' title='bbox 723 2815 745 2850; x_wconf 80' lang='lat' dir='ltr'>u.</span> <span class='ocrx_word' id='word_1_221' title='bbox 770 2807 809 2848; x_wconf 87' lang='lat' dir='ltr'>to.</span> <span class='ocrx_word' id='word_1_222' title='bbox 830 2795 962 2846; x_wconf 76' lang='lat' dir='ltr'>Amase</span> <span class='ocrx_word' id='word_1_223' title='bbox 985 2803 1009 2843; x_wconf 84' lang='grc' dir='ltr'>ι.</span> <span class='ocrx_word' id='word_1_224' title='bbox 1029 2805 1058 2840; x_wconf 84' lang='lat' dir='ltr'>v.</span> <span class='ocrx_word' id='word_1_225' title='bbox 1084 2801 1108 2839; x_wconf 77' lang='grc' dir='ltr'>ι.</span> <span class='ocrx_word' id='word_1_226' title='bbox 1139 2797 1164 2838; x_wconf 87' lang='lat' dir='ltr'>et</span> 
     </span>
     <span class='ocr_line' id='line_1_32' title="bbox 402 2873 1165 2947; baseline -0.028 -3"><span class='ocrx_word' id='word_1_227' title='bbox 402 2907 425 2944; x_wconf 82' lang='lat' dir='ltr'>e.</span> <span class='ocrx_word' id='word_1_228' title='bbox 446 2887 529 2942; x_wconf 75' lang='lat' dir='ltr'>niet.</span> <span class='ocrx_word' id='word_1_229' title='bbox 549 2904 572 2938; x_wconf 87' lang='lat' dir='ltr'>c.</span> <span class='ocrx_word' id='word_1_230' title='bbox 593 2899 615 2938; x_wconf 84' lang='lat' dir='ltr'>s.</span> <span class='ocrx_word' id='word_1_231' title='bbox 631 2903 653 2938; x_wconf 83' lang='lat' dir='ltr'>u.</span> <span class='ocrx_word' id='word_1_232' title='bbox 677 2893 717 2936; x_wconf 90' lang='lat' dir='ltr'>tt.</span> <span class='ocrx_word' id='word_1_233' title='bbox 737 2879 891 2940; x_wconf 82' lang='lat' dir='ltr'>Caeterum,</span> <span class='ocrx_word' id='word_1_234' title='bbox 910 2876 956 2947; x_wconf 91' lang='lat' dir='ltr'>qui</span> <span class='ocrx_word' id='word_1_235' title='bbox 974 2873 1046 2928; x_wconf 79' lang='lat' dir='ltr'>caria</span> <span class='ocrx_word' id='word_1_236' title='bbox 1060 2889 1165 2924; x_wconf 89' lang='lat' dir='ltr'>mensu-</span> 
     </span>
     <span class='ocr_line' id='line_1_33' title="bbox 396 2964 1164 3042; baseline -0.033 -12"><span class='ocrx_word' id='word_1_237' title='bbox 396 2993 486 3030; x_wconf 87' lang='lat' dir='ltr'>rarum</span> <span class='ocrx_word' id='word_1_238' title='bbox 500 2989 604 3042; x_wconf 88' lang='lat' dir='ltr'>genera,</span> <span class='ocrx_word' id='word_1_239' title='bbox 616 2986 682 3039; x_wconf 87' lang='lat' dir='ltr'>qaae</span> <span class='ocrx_word' id='word_1_240' title='bbox 695 2968 724 3018; x_wconf 91' lang='lat' dir='ltr'>in</span> <span class='ocrx_word' id='word_1_241' title='bbox 739 2967 794 3033; x_wconf 83' lang='lat' dir='ltr'>jure</span> <span class='ocrx_word' id='word_1_242' title='bbox 806 2967 926 3018; x_wconf 82' lang='lat' dir='ltr'>llomano</span> <span class='ocrx_word' id='word_1_243' title='bbox 939 2964 1091 3020; x_wconf 91' lang='lat' dir='ltr'>occurrunt,</span> <span class='ocrx_word' id='word_1_244' title='bbox 1105 2973 1164 3007; x_wconf 89' lang='lat' dir='ltr'>nos-</span> 
     </span>
     <span class='ocr_line' id='line_1_34' title="bbox 397 3039 1164 3124; baseline -0.037 -7"><span class='ocrx_word' id='word_1_245' title='bbox 397 3081 426 3117; x_wconf 87' lang='lat' dir='ltr'>se</span> <span class='ocrx_word' id='word_1_246' title='bbox 450 3071 535 3124; x_wconf 86' lang='lat' dir='ltr'>amat,</span> <span class='ocrx_word' id='word_1_247' title='bbox 564 3057 618 3112; x_wconf 84' lang='lat' dir='ltr'>rid.</span> <span class='ocrx_word' id='word_1_248' title='bbox 642 3055 671 3107; x_wconf 90' lang='lat' dir='ltr'>iu</span> <span class='ocrx_word' id='word_1_249' title='bbox 697 3049 854 3122; x_wconf 85' lang='lat' dir='ltr'>compendio</span> <span class='ocrx_word' id='word_1_250' title='bbox 881 3043 1001 3097; x_wconf 84' lang='lat' dir='ltr'>Gnidon.</span> <span class='ocrx_word' id='word_1_251' title='bbox 1032 3039 1164 3094; x_wconf 86' lang='lat' dir='ltr'>Pancirol.</span> 
     </span>
     <span class='ocr_line' id='line_1_35' title="bbox 405 3140 875 3204; baseline -0.038 -3"><span class='ocrx_word' id='word_1_252' title='bbox 405 3151 432 3200; x_wconf 85' lang='lat' dir='ltr'><em>V</em></span> <span class='ocrx_word' id='word_1_253' title='bbox 433 3145 518 3200; x_wconf 86' lang='lat' dir='ltr'>oriar.</span> <span class='ocrx_word' id='word_1_254' title='bbox 537 3145 611 3196; x_wconf 77' lang='lat' dir='ltr'>lect.</span> <span class='ocrx_word' id='word_1_255' title='bbox 630 3140 647 3190; x_wconf 82' lang='grc' dir='ltr'><strong>Ι.</strong></span> <span class='ocrx_word' id='word_1_256' title='bbox 670 3152 692 3191; x_wconf 91' lang='grc' dir='ltr'>ι.</span> <span class='ocrx_word' id='word_1_257' title='bbox 713 3155 736 3190; x_wconf 88' lang='lat' dir='ltr'>c.</span> <span class='ocrx_word' id='word_1_258' title='bbox 758 3145 799 3188; x_wconf 82' lang='lat' dir='ltr'>st.</span> <span class='ocrx_word' id='word_1_259' title='bbox 818 3151 875 3204; x_wconf 83' lang='lat' dir='ltr'>seq.</span> 
     </span>
    </p>

    <p class='ocr_par' dir='ltr' id='par_1_9' title="bbox 398 3207 1175 5231">
     <span class='ocr_line' id='line_1_36' title="bbox 434 3207 1165 3298; baseline -0.033 -15"><span class='ocrx_word' id='word_1_260' title='bbox 434 3226 568 3298; x_wconf 84' lang='lat' dir='ltr'>Principis</span> <span class='ocrx_word' id='word_1_261' title='bbox 588 3224 677 3294; x_wconf 90' lang='lat' dir='ltr'>itaque</span> <span class='ocrx_word' id='word_1_262' title='bbox 697 3217 832 3272; x_wconf 84' lang='lat' dir='ltr'>incumbet</span> <span class='ocrx_word' id='word_1_263' title='bbox 850 3233 928 3269; x_wconf 84' lang='lat' dir='ltr'>curae</span> <span class='ocrx_word' id='word_1_264' title='bbox 957 3222 1035 3284; x_wconf 86' lang='lat' dir='ltr'>atque</span> <span class='ocrx_word' id='word_1_265' title='bbox 1058 3207 1165 3264; x_wconf 88' lang='lat' dir='ltr'>Sollici-</span> 
     </span>
     <span class='ocr_line' id='line_1_37' title="bbox 399 3300 1165 3382; baseline -0.023 -15"><span class='ocrx_word' id='word_1_266' title='bbox 399 3314 508 3378; x_wconf 86' lang='lat' dir='ltr'>tudini,</span> <span class='ocrx_word' id='word_1_267' title='bbox 528 3308 692 3382; x_wconf 86' lang='lat' dir='ltr'>prospicere,</span> <span class='ocrx_word' id='word_1_268' title='bbox 713 3314 742 3357; x_wconf 90' lang='lat' dir='ltr'>ut</span> <span class='ocrx_word' id='word_1_269' title='bbox 769 3321 849 3356; x_wconf 91' lang='lat' dir='ltr'>unum</span> <span class='ocrx_word' id='word_1_270' title='bbox 876 3303 1000 3373; x_wconf 87' lang='lat' dir='ltr'>idemque</span> <span class='ocrx_word' id='word_1_271' title='bbox 1019 3300 1165 3372; x_wconf 89' lang='lat' dir='ltr'>ponderum</span> 
     </span>
     <span class='ocr_line' id='line_1_38' title="bbox 398 3385 1166 3470; baseline -0.022 -19"><span class='ocrx_word' id='word_1_272' title='bbox 398 3415 498 3470; x_wconf 75' lang='lat' dir='ltr'>geraus,</span> <span class='ocrx_word' id='word_1_273' title='bbox 524 3394 667 3461; x_wconf 90' lang='lat' dir='ltr'>eademque</span> <span class='ocrx_word' id='word_1_274' title='bbox 691 3405 872 3441; x_wconf 84' lang='lat' dir='ltr'>mensurarum</span> <span class='ocrx_word' id='word_1_275' title='bbox 898 3387 1036 3458; x_wconf 75' lang='lat' dir='ltr'>quantitas</span> <span class='ocrx_word' id='word_1_276' title='bbox 1062 3385 1092 3436; x_wconf 93' lang='lat' dir='ltr'>in</span> <span class='ocrx_word' id='word_1_277' title='bbox 1119 3401 1166 3435; x_wconf 88' lang='lat' dir='ltr'>suo</span> 
     </span>
     <span class='ocr_line' id='line_1_39' title="bbox 401 3471 1166 3552; baseline -0.021 -17"><span class='ocrx_word' id='word_1_278' title='bbox 401 3485 487 3552; x_wconf 83' lang='lat' dir='ltr'>rigeat</span> <span class='ocrx_word' id='word_1_279' title='bbox 507 3475 653 3531; x_wconf 86' lang='lat' dir='ltr'>territorio.</span> <span class='ocrx_word' id='word_1_280' title='bbox 666 3471 704 3525; x_wconf 85' lang='lat' dir='ltr'>Eo</span> <span class='ocrx_word' id='word_1_281' title='bbox 722 3472 781 3543; x_wconf 87' lang='lat' dir='ltr'>ipso</span> <span class='ocrx_word' id='word_1_282' title='bbox 794 3471 867 3524; x_wconf 87' lang='lat' dir='ltr'>enim</span> <span class='ocrx_word' id='word_1_283' title='bbox 887 3487 949 3522; x_wconf 85' lang='lat' dir='ltr'>suus</span> <span class='ocrx_word' id='word_1_284' title='bbox 962 3471 1083 3539; x_wconf 80' lang='lat' dir='ltr'>justitiae</span> <span class='ocrx_word' id='word_1_285' title='bbox 1093 3487 1166 3521; x_wconf 91' lang='lat' dir='ltr'>com-</span> 
     </span>
     <span class='ocr_line' id='line_1_40' title="bbox 403 3552 1166 3624; baseline -0.022 -4"><span class='ocrx_word' id='word_1_286' title='bbox 403 3566 545 3621; x_wconf 87' lang='lat' dir='ltr'>mutatirae</span> <span class='ocrx_word' id='word_1_287' title='bbox 559 3579 611 3613; x_wconf 91' lang='lat' dir='ltr'>nou</span> <span class='ocrx_word' id='word_1_288' title='bbox 632 3556 815 3610; x_wconf 78' lang='lat' dir='ltr'>tantummodo</span> <span class='ocrx_word' id='word_1_289' title='bbox 834 3561 954 3607; x_wconf 81' lang='lat' dir='ltr'>serretur</span> <span class='ocrx_word' id='word_1_290' title='bbox 972 3554 1059 3622; x_wconf 84' lang='lat' dir='ltr'>rigor,</span> <span class='ocrx_word' id='word_1_291' title='bbox 1083 3552 1166 3624; x_wconf 83' lang='lat' dir='ltr'>quoad</span> 
     </span>
     <span class='ocr_line' id='line_1_41' title="bbox 402 3639 1169 3724; baseline -0.018 -20"><span class='ocrx_word' id='word_1_292' title='bbox 402 3657 477 3724; x_wconf 87' lang='lat' dir='ltr'>ipsos</span> <span class='ocrx_word' id='word_1_293' title='bbox 496 3645 634 3706; x_wconf 78' lang='lat' dir='ltr'>subditos,</span> <span class='ocrx_word' id='word_1_294' title='bbox 653 3641 698 3695; x_wconf 90' lang='lat' dir='ltr'>sed</span> <span class='ocrx_word' id='word_1_295' title='bbox 719 3641 800 3693; x_wconf 84' lang='lat' dir='ltr'>ctiam</span> <span class='ocrx_word' id='word_1_296' title='bbox 818 3639 902 3711; x_wconf 90' lang='lat' dir='ltr'>quoad</span> <span class='ocrx_word' id='word_1_297' title='bbox 914 3647 1032 3702; x_wconf 86' lang='lat' dir='ltr'>exteros;</span> <span class='ocrx_word' id='word_1_298' title='bbox 1047 3657 1107 3691; x_wconf 91' lang='lat' dir='ltr'>cum</span> <span class='ocrx_word' id='word_1_299' title='bbox 1121 3640 1169 3691; x_wconf 87' lang='lat' dir='ltr'>hue</span> 
     </span>
     <span class='ocr_line' id='line_1_42' title="bbox 401 3722 1167 3809; baseline -0.02 -20"><span class='ocrx_word' id='word_1_300' title='bbox 401 3755 481 3809; x_wconf 85' lang='lat' dir='ltr'>passu</span> <span class='ocrx_word' id='word_1_301' title='bbox 500 3731 602 3785; x_wconf 77' lang='lat' dir='ltr'>facilior</span> <span class='ocrx_word' id='word_1_302' title='bbox 617 3727 717 3800; x_wconf 86' lang='lat' dir='ltr'>pariter</span> <span class='ocrx_word' id='word_1_303' title='bbox 729 3738 805 3795; x_wconf 87' lang='lat' dir='ltr'>atque</span> <span class='ocrx_word' id='word_1_304' title='bbox 824 3725 931 3794; x_wconf 89' lang='lat' dir='ltr'>aequior</span> <span class='ocrx_word' id='word_1_305' title='bbox 952 3722 1167 3776; x_wconf 86' lang='lat' dir='ltr'>commerciorum</span> 
     </span>
     <span class='ocr_line' id='line_1_43' title="bbox 401 3808 1168 3892; baseline -0.018 -20"><span class='ocrx_word' id='word_1_306' title='bbox 401 3816 625 3892; x_wconf 79' lang='lat' dir='ltr'>expediendorum</span> <span class='ocrx_word' id='word_1_307' title='bbox 640 3812 675 3864; x_wconf 87' lang='lat' dir='ltr'>sit</span> <span class='ocrx_word' id='word_1_308' title='bbox 691 3811 768 3874; x_wconf 88' lang='lat' dir='ltr'>ratio,</span> <span class='ocrx_word' id='word_1_309' title='bbox 783 3819 808 3862; x_wconf 89' lang='lat' dir='ltr'>et</span> <span class='ocrx_word' id='word_1_310' title='bbox 819 3808 999 3861; x_wconf 75' lang='lat' dir='ltr'>hiemantibus</span> <span class='ocrx_word' id='word_1_311' title='bbox 1019 3825 1080 3860; x_wconf 86' lang='lat' dir='ltr'>ansa</span> <span class='ocrx_word' id='word_1_312' title='bbox 1094 3824 1168 3878; x_wconf 85' lang='lat' dir='ltr'>prae·</span> 
     </span>
     <span class='ocr_line' id='line_1_44' title="bbox 407 3891 1168 3967; baseline -0.025 -8"><span class='ocrx_word' id='word_1_313' title='bbox 407 3903 544 3958; x_wconf 88' lang='lat' dir='ltr'>scindatur</span> <span class='ocrx_word' id='word_1_314' title='bbox 562 3894 724 3967; x_wconf 88' lang='lat' dir='ltr'>decipiendi.</span> <span class='ocrx_word' id='word_1_315' title='bbox 747 3893 877 3944; x_wconf 81' lang='lat' dir='ltr'>Matthias</span> <span class='ocrx_word' id='word_1_316' title='bbox 897 3891 1026 3963; x_wconf 86' lang='lat' dir='ltr'>Stephani</span> <span class='ocrx_word' id='word_1_317' title='bbox 1046 3893 1085 3944; x_wconf 86' lang='lat' dir='ltr'>ud</span> <span class='ocrx_word' id='word_1_318' title='bbox 1100 3894 1168 3944; x_wconf 80' lang='lat' dir='ltr'>Nou.</span> 
     </span>
     <span class='ocr_line' id='line_1_45' title="bbox 407 3975 1169 4046; baseline -0.014 -9"><span class='ocrx_word' id='word_1_319' title='bbox 407 4000 466 4043; x_wconf 75' lang='grc' dir='ltr'><strong>ιιι.</strong></span> <span class='ocrx_word' id='word_1_320' title='bbox 485 4004 514 4036; x_wconf 88' lang='grc' dir='ltr'>ιι.</span> <span class='ocrx_word' id='word_1_321' title='bbox 529 3995 553 4034; x_wconf 84' lang='lat'>5.</span> <span class='ocrx_word' id='word_1_322' title='bbox 566 3993 593 4034; x_wconf 85' lang='lat' dir='ltr'>et</span> <span class='ocrx_word' id='word_1_323' title='bbox 607 3999 631 4037; x_wconf 80' lang='lat' dir='ltr'>a.</span> <span class='ocrx_word' id='word_1_324' title='bbox 650 3979 681 4030; x_wconf 90' lang='lat' dir='ltr'>lu</span> <span class='ocrx_word' id='word_1_325' title='bbox 703 3981 759 4046; x_wconf 90' lang='lat' dir='ltr'>jure</span> <span class='ocrx_word' id='word_1_326' title='bbox 780 3975 860 4028; x_wconf 84' lang='lat' dir='ltr'>Cirili</span> <span class='ocrx_word' id='word_1_327' title='bbox 879 3975 940 4026; x_wconf 90' lang='lat' dir='ltr'>huic</span> <span class='ocrx_word' id='word_1_328' title='bbox 959 3977 997 4026; x_wconf 89' lang='lat' dir='ltr'>rci</span> <span class='ocrx_word' id='word_1_329' title='bbox 1021 3976 1169 4045; x_wconf 89' lang='lat' dir='ltr'>quaesitum</span> 
     </span>
     <span class='ocr_line' id='line_1_46' title="bbox 404 4060 1169 4130; baseline -0.021 -4"><span class='ocrx_word' id='word_1_330' title='bbox 404 4070 552 4126; x_wconf 88' lang='lat' dir='ltr'>remedium</span> <span class='ocrx_word' id='word_1_331' title='bbox 570 4075 624 4118; x_wconf 86' lang='lat' dir='ltr'>est:</span> <span class='ocrx_word' id='word_1_332' title='bbox 644 4063 736 4115; x_wconf 85' lang='lat' dir='ltr'>Certae</span> <span class='ocrx_word' id='word_1_333' title='bbox 755 4061 827 4112; x_wconf 89' lang='lat' dir='ltr'>enim</span> <span class='ocrx_word' id='word_1_334' title='bbox 847 4060 1010 4112; x_wconf 86' lang='lat' dir='ltr'>constitutae</span> <span class='ocrx_word' id='word_1_335' title='bbox 1028 4075 1169 4130; x_wconf 87' lang='lat' dir='ltr'>personae,</span> 
     </span>
     <span class='ocr_line' id='line_1_47' title="bbox 405 4145 1172 4227; baseline -0.018 -19"><span class='ocrx_word' id='word_1_336' title='bbox 405 4156 501 4227; x_wconf 87' lang='lat' dir='ltr'>quihus</span> <span class='ocrx_word' id='word_1_337' title='bbox 516 4149 643 4222; x_wconf 77' lang='lat' dir='ltr'>judicium</span> <span class='ocrx_word' id='word_1_338' title='bbox 665 4145 698 4198; x_wconf 89' lang='lat' dir='ltr'>de</span> <span class='ocrx_word' id='word_1_339' title='bbox 718 4145 863 4218; x_wconf 89' lang='lat' dir='ltr'>ponderum</span> <span class='ocrx_word' id='word_1_340' title='bbox 877 4163 905 4196; x_wconf 84' lang='lat' dir='ltr'>ac</span> <span class='ocrx_word' id='word_1_341' title='bbox 920 4161 1101 4196; x_wconf 84' lang='lat' dir='ltr'>mensurarum</span> <span class='ocrx_word' id='word_1_342' title='bbox 1114 4161 1172 4212; x_wconf 91' lang='lat' dir='ltr'>pro-</span> 
     </span>
     <span class='ocr_line' id='line_1_48' title="bbox 405 4227 1172 4310; baseline -0.016 -19"><span class='ocrx_word' id='word_1_343' title='bbox 405 4240 530 4310; x_wconf 90' lang='lat' dir='ltr'>portione</span> <span class='ocrx_word' id='word_1_344' title='bbox 543 4231 739 4302; x_wconf 75' lang='lat' dir='ltr'>coaequalitate</span> <span class='ocrx_word' id='word_1_345' title='bbox 755 4239 810 4282; x_wconf 82' lang='lat' dir='ltr'>crat</span> <span class='ocrx_word' id='word_1_346' title='bbox 823 4245 984 4280; x_wconf 87' lang='lat' dir='ltr'>concessum·</span> <span class='ocrx_word' id='word_1_347' title='bbox 1006 4227 1050 4279; x_wconf 89' lang='lat' dir='ltr'>Sic</span> <span class='ocrx_word' id='word_1_348' title='bbox 1068 4229 1096 4278; x_wconf 95' lang='lat' dir='ltr'>in</span> <span class='ocrx_word' id='word_1_349' title='bbox 1116 4228 1172 4280; x_wconf 84' lang='lat' dir='ltr'>No·</span> 
     </span>
     <span class='ocr_line' id='line_1_49' title="bbox 413 4311 1171 4385; baseline -0.016 -11"><span class='ocrx_word' id='word_1_350' title='bbox 413 4323 471 4374; x_wconf 79' lang='lat' dir='ltr'>cell.</span> <span class='ocrx_word' id='word_1_351' title='bbox 495 4331 552 4372; x_wconf 79' lang='lat' dir='ltr'>tte.</span> <span class='ocrx_word' id='word_1_352' title='bbox 568 4337 590 4371; x_wconf 89' lang='lat' dir='ltr'>c.</span> <span class='ocrx_word' id='word_1_353' title='bbox 614 4315 694 4370; x_wconf 83' lang='lat' dir='ltr'>ts.in</span> <span class='ocrx_word' id='word_1_354' title='bbox 715 4316 802 4385; x_wconf 87' lang='lat' dir='ltr'>specie</span> <span class='ocrx_word' id='word_1_355' title='bbox 820 4312 991 4365; x_wconf 82' lang='lat' dir='ltr'>Exactoribus</span> <span class='ocrx_word' id='word_1_356' title='bbox 1012 4311 1171 4364; x_wconf 88' lang='lat' dir='ltr'>tributorum</span> 
     </span>
     <span class='ocr_line' id='line_1_50' title="bbox 404 4395 1172 4474; baseline -0.018 -15"><span class='ocrx_word' id='word_1_357' title='bbox 404 4425 467 4459; x_wconf 89' lang='lat' dir='ltr'>usus</span> <span class='ocrx_word' id='word_1_358' title='bbox 482 4404 605 4457; x_wconf 88' lang='lat' dir='ltr'>lalsorum</span> <span class='ocrx_word' id='word_1_359' title='bbox 618 4399 764 4474; x_wconf 88' lang='lat' dir='ltr'>ponderum</span> <span class='ocrx_word' id='word_1_360' title='bbox 778 4395 964 4458; x_wconf 83' lang='lat' dir='ltr'>interdicitur;</span> <span class='ocrx_word' id='word_1_361' title='bbox 982 4395 1031 4451; x_wconf 88' lang='lat' dir='ltr'>Cui</span> <span class='ocrx_word' id='word_1_362' title='bbox 1044 4395 1172 4447; x_wconf 87' lang='lat' dir='ltr'>eonstitu-</span> 
     </span>
     <span class='ocr_line' id='line_1_51' title="bbox 404 4479 1170 4558; baseline -0.014 -15"><span class='ocrx_word' id='word_1_363' title='bbox 404 4490 488 4554; x_wconf 92' lang='lat' dir='ltr'>tioni,</span> <span class='ocrx_word' id='word_1_364' title='bbox 508 4489 531 4542; x_wconf 91' lang='lat' dir='ltr'>si</span> <span class='ocrx_word' id='word_1_365' title='bbox 555 4484 789 4550; x_wconf 75' lang='lat' dir='ltr'>contravenerint,</span> <span class='ocrx_word' id='word_1_366' title='bbox 814 4481 946 4558; x_wconf 81' lang='lat' dir='ltr'>siquidem</span> <span class='ocrx_word' id='word_1_367' title='bbox 974 4479 1080 4533; x_wconf 85' lang='lat' dir='ltr'>laisstio</span> <span class='ocrx_word' id='word_1_368' title='bbox 1101 4479 1170 4532; x_wconf 87' lang='lat' dir='ltr'>cirea</span> 
     </span>
     <span class='ocr_line' id='line_1_52' title="bbox 404 4563 1172 4644; baseline -0.017 -17"><span class='ocrx_word' id='word_1_369' title='bbox 404 4575 551 4644; x_wconf 86' lang='lat' dir='ltr'>specierum</span> <span class='ocrx_word' id='word_1_370' title='bbox 564 4570 736 4644; x_wconf 75' lang='lat' dir='ltr'>pondererat</span> <span class='ocrx_word' id='word_1_371' title='bbox 748 4565 1042 4628; x_wconf 85' lang='lat' dir='ltr'>mensurascommissa,</span> <span class='ocrx_word' id='word_1_372' title='bbox 1051 4563 1172 4617; x_wconf 87' lang='lat' dir='ltr'>Praesidi</span> 
     </span>
     <span class='ocr_line' id='line_1_53' title="bbox 403 4648 1172 4723; baseline -0.016 -13"><span class='ocrx_word' id='word_1_373' title='bbox 403 4657 559 4710; x_wconf 86' lang='lat' dir='ltr'>Prorinciae</span> <span class='ocrx_word' id='word_1_374' title='bbox 577 4656 625 4707; x_wconf 85' lang='lat' dir='ltr'>hac</span> <span class='ocrx_word' id='word_1_375' title='bbox 644 4655 677 4707; x_wconf 90' lang='lat' dir='ltr'>de</span> <span class='ocrx_word' id='word_1_376' title='bbox 696 4671 723 4707; x_wconf 89' lang='lat' dir='ltr'>re</span> <span class='ocrx_word' id='word_1_377' title='bbox 743 4651 879 4706; x_wconf 84' lang='lat' dir='ltr'>statuendi</span> <span class='ocrx_word' id='word_1_378' title='bbox 893 4659 1009 4723; x_wconf 89' lang='lat' dir='ltr'>potestas</span> <span class='ocrx_word' id='word_1_379' title='bbox 1024 4648 1172 4701; x_wconf 90' lang='lat' dir='ltr'>committi-</span> 
     </span>
     <span class='ocr_line' id='line_1_54' title="bbox 404 4733 1170 4800; baseline -0.01 -8"><span class='ocrx_word' id='word_1_380' title='bbox 404 4751 458 4796; x_wconf 88' lang='lat' dir='ltr'>tnr:</span> <span class='ocrx_word' id='word_1_381' title='bbox 473 4741 503 4792; x_wconf 87' lang='lat' dir='ltr'>Si</span> <span class='ocrx_word' id='word_1_382' title='bbox 517 4757 577 4794; x_wconf 78' lang='lat' dir='ltr'>sero</span> <span class='ocrx_word' id='word_1_383' title='bbox 590 4740 659 4792; x_wconf 90' lang='lat' dir='ltr'>eirca</span> <span class='ocrx_word' id='word_1_384' title='bbox 674 4739 856 4800; x_wconf 86' lang='lat' dir='ltr'>metallorum,</span> <span class='ocrx_word' id='word_1_385' title='bbox 869 4736 927 4787; x_wconf 86' lang='lat' dir='ltr'>auri</span> <span class='ocrx_word' id='word_1_386' title='bbox 943 4733 1071 4786; x_wconf 88' lang='lat' dir='ltr'>nimirum</span> <span class='ocrx_word' id='word_1_387' title='bbox 1088 4743 1116 4786; x_wconf 89' lang='lat' dir='ltr'>et</span> <span class='ocrx_word' id='word_1_388' title='bbox 1127 4749 1170 4785; x_wconf 88' lang='lat' dir='ltr'>er-</span> 
     </span>
     <span class='ocr_line' id='line_1_55' title="bbox 404 4819 1172 4893; baseline -0.007 -18"><span class='ocrx_word' id='word_1_389' title='bbox 404 4824 496 4891; x_wconf 83' lang='lat' dir='ltr'>genti,</span> <span class='ocrx_word' id='word_1_390' title='bbox 524 4823 640 4893; x_wconf 88' lang='lat' dir='ltr'>pondera</span> <span class='ocrx_word' id='word_1_391' title='bbox 663 4821 727 4890; x_wconf 90' lang='lat' dir='ltr'>qnid</span> <span class='ocrx_word' id='word_1_392' title='bbox 745 4831 898 4890; x_wconf 76' lang='lat' dir='ltr'>patratnm3</span> <span class='ocrx_word' id='word_1_393' title='bbox 917 4819 1019 4872; x_wconf 87' lang='lat' dir='ltr'>Comiti</span> <span class='ocrx_word' id='word_1_394' title='bbox 1040 4836 1172 4872; x_wconf 87' lang='lat' dir='ltr'>sacrarum</span> 
     </span>
     <span class='ocr_line' id='line_1_56' title="bbox 406 4903 1173 4974; baseline -0.009 -15"><span class='ocrx_word' id='word_1_395' title='bbox 406 4907 576 4974; x_wconf 86' lang='lat' dir='ltr'>largitionem</span> <span class='ocrx_word' id='word_1_396' title='bbox 601 4905 729 4973; x_wconf 79' lang='lat' dir='ltr'>judiciuin</span> <span class='ocrx_word' id='word_1_397' title='bbox 755 4922 783 4957; x_wconf 85' lang='lat' dir='ltr'>ea</span> <span class='ocrx_word' id='word_1_398' title='bbox 810 4906 843 4956; x_wconf 90' lang='lat' dir='ltr'>de</span> <span class='ocrx_word' id='word_1_399' title='bbox 861 4923 892 4957; x_wconf 88' lang='lat' dir='ltr'>rc</span> <span class='ocrx_word' id='word_1_400' title='bbox 911 4903 1127 4974; x_wconf 84' lang='lat' dir='ltr'>permittebatur.</span> <span class='ocrx_word' id='word_1_401' title='bbox 1148 4903 1173 4952; x_wconf 85' lang='lat' dir='ltr'>d.</span> 
     </span>
     <span class='ocr_line' id='line_1_57' title="bbox 405 4989 1174 5060; baseline -0.009 -16"><span class='ocrx_word' id='word_1_402' title='bbox 405 4989 509 5044; x_wconf 81' lang='lat' dir='ltr'>ll&#39;ouell·</span> <span class='ocrx_word' id='word_1_403' title='bbox 533 5001 589 5042; x_wconf 81' lang='grc' dir='ltr'><strong>ιιι.</strong></span> <span class='ocrx_word' id='word_1_404' title='bbox 609 5001 634 5042; x_wconf 89' lang='lat' dir='ltr'>et</span> <span class='ocrx_word' id='word_1_405' title='bbox 654 4993 685 5043; x_wconf 82' lang='lat' dir='ltr'>L.</span> <span class='ocrx_word' id='word_1_406' title='bbox 695 4989 753 5060; x_wconf 83' lang='lat' dir='ltr'>fin.</span> <span class='ocrx_word' id='word_1_407' title='bbox 773 4993 804 5043; x_wconf 85' lang='lat' dir='ltr'>C.</span> <span class='ocrx_word' id='word_1_408' title='bbox 825 4990 858 5041; x_wconf 86' lang='lat' dir='ltr'>de</span> <span class='ocrx_word' id='word_1_409' title='bbox 883 4999 1013 5059; x_wconf 85' lang='lat' dir='ltr'>suceptor.</span> <span class='ocrx_word' id='word_1_410' title='bbox 1040 4991 1174 5057; x_wconf 84' lang='lat' dir='ltr'>Praepos.</span> 
     </span>
     <span class='ocr_line' id='line_1_58' title="bbox 400 5072 1174 5152; baseline -0.012 -22"><span class='ocrx_word' id='word_1_411' title='bbox 400 5089 435 5152; x_wconf 55' lang='grc' dir='ltr'>γιι</span> <span class='ocrx_word' id='word_1_412' title='bbox 455 5075 542 5127; x_wconf 81' lang='lat' dir='ltr'>Areae.</span> <span class='ocrx_word' id='word_1_413' title='bbox 562 5074 691 5144; x_wconf 86' lang='lat' dir='ltr'>Stephani</span> <span class='ocrx_word' id='word_1_414' title='bbox 712 5074 748 5126; x_wconf 78' lang='lat' dir='ltr'>ud</span> <span class='ocrx_word' id='word_1_415' title='bbox 759 5073 783 5126; x_wconf 87' lang='lat' dir='ltr'>d.</span> <span class='ocrx_word' id='word_1_416' title='bbox 806 5074 913 5126; x_wconf 84' lang='lat' dir='ltr'>Novell.</span> <span class='ocrx_word' id='word_1_417' title='bbox 930 5073 1018 5125; x_wconf 83' lang='lat' dir='ltr'>l‘erez.</span> <span class='ocrx_word' id='word_1_418' title='bbox 1039 5073 1076 5124; x_wconf 84' lang='lat' dir='ltr'>ud</span> <span class='ocrx_word' id='word_1_419' title='bbox 1088 5072 1129 5124; x_wconf 84' lang='lat' dir='ltr'>tit.</span> <span class='ocrx_word' id='word_1_420' title='bbox 1141 5073 1174 5126; x_wconf 87' lang='lat' dir='ltr'>C.</span> 
     </span>
     <span class='ocr_line' id='line_1_59' title="bbox 412 5157 1175 5231; baseline -0.012 -17"><span class='ocrx_word' id='word_1_421' title='bbox 412 5165 444 5214; x_wconf 84' lang='lat' dir='ltr'>de</span> <span class='ocrx_word' id='word_1_422' title='bbox 456 5169 601 5231; x_wconf 85' lang='lat' dir='ltr'>susceptor.</span> <span class='ocrx_word' id='word_1_423' title='bbox 621 5179 648 5212; x_wconf 91' lang='lat' dir='ltr'>n.</span> <span class='ocrx_word' id='word_1_424' title='bbox 668 5173 693 5211; x_wconf 87' lang='lat' dir='ltr'>s.</span> <span class='ocrx_word' id='word_1_425' title='bbox 714 5170 739 5211; x_wconf 85' lang='lat' dir='ltr'>et</span> <span class='ocrx_word' id='word_1_426' title='bbox 761 5169 787 5208; x_wconf 84' lang='lat' dir='ltr'>s.</span> <span class='ocrx_word' id='word_1_427' title='bbox 813 5159 882 5210; x_wconf 91' lang='lat' dir='ltr'>Pctr.</span> <span class='ocrx_word' id='word_1_428' title='bbox 902 5157 1013 5225; x_wconf 85' lang='lat' dir='ltr'>Gregur.</span> <span class='ocrx_word' id='word_1_429' title='bbox 1032 5157 1175 5209; x_wconf 77' lang='lat' dir='ltr'>Tlrolosan.</span> 
     </span>
    </p>

    <p class='ocr_par' dir='ltr' id='par_1_10' title="bbox 358 5241 1176 5317">
     <span class='ocr_line' id='line_1_60' title="bbox 358 5241 1176 5317; baseline -0.006 -18"><span class='ocrx_word' id='word_1_430' title='bbox 358 5263 372 5304; x_wconf 84' lang='lat' dir='ltr'>s</span> <span class='ocrx_word' id='word_1_431' title='bbox 410 5253 550 5317; x_wconf 56' lang='lat' dir='ltr'>&amp;ntugrn</span> <span class='ocrx_word' id='word_1_432' title='bbox 562 5243 626 5296; x_wconf 87' lang='lat' dir='ltr'>Jur.</span> <span class='ocrx_word' id='word_1_433' title='bbox 645 5245 663 5294; x_wconf 84' lang='lat' dir='ltr'>l.</span> <span class='ocrx_word' id='word_1_434' title='bbox 679 5257 720 5297; x_wconf 87' lang='lat' dir='ltr'>so.</span> <span class='ocrx_word' id='word_1_435' title='bbox 739 5261 761 5297; x_wconf 87' lang='lat' dir='ltr'>c·</span> <span class='ocrx_word' id='word_1_436' title='bbox 779 5261 841 5294; x_wconf 63' lang='lat' dir='ltr'>nn.</span> <span class='ocrx_word' id='word_1_437' title='bbox 865 5253 905 5294; x_wconf 81' lang='lat' dir='ltr'>to.</span> <span class='ocrx_word' id='word_1_438' title='bbox 918 5242 960 5294; x_wconf 88' lang='lat' dir='ltr'>Ob</span> <span class='ocrx_word' id='word_1_439' title='bbox 978 5241 1097 5294; x_wconf 86' lang='lat' dir='ltr'>eamdem</span> <span class='ocrx_word' id='word_1_440' title='bbox 1111 5259 1176 5310; x_wconf 89' lang='lat' dir='ltr'>qno·</span> 
     </span>
    </p>
   </div>
   <div class='ocr_carea' id='block_1_8' title="bbox 410 5337 1176 5502">
    <p class='ocr_par' dir='ltr' id='par_1_11' title="bbox 410 5337 1176 5502">
     <span class='ocr_line' id='line_1_61' title="bbox 410 5337 1176 5415; baseline -0.009 -20"><span class='ocrx_word' id='word_1_441' title='bbox 410 5363 461 5415; x_wconf 91' lang='lat' dir='ltr'>qae</span> <span class='ocrx_word' id='word_1_442' title='bbox 480 5345 609 5398; x_wconf 86' lang='lat' dir='ltr'>rationem</span> <span class='ocrx_word' id='word_1_443' title='bbox 629 5341 744 5413; x_wconf 82' lang='lat' dir='ltr'>pondera</span> <span class='ocrx_word' id='word_1_444' title='bbox 763 5349 790 5392; x_wconf 89' lang='lat' dir='ltr'>et</span> <span class='ocrx_word' id='word_1_445' title='bbox 808 5354 944 5392; x_wconf 77' lang='lat' dir='ltr'>attonsurae</span> <span class='ocrx_word' id='word_1_446' title='bbox 962 5355 1056 5392; x_wconf 89' lang='lat' dir='ltr'>aeneae</span> <span class='ocrx_word' id='word_1_447' title='bbox 1074 5337 1114 5389; x_wconf 87' lang='lat' dir='ltr'>rel</span> <span class='ocrx_word' id='word_1_448' title='bbox 1140 5337 1176 5388; x_wconf 88' lang='lat' dir='ltr'>la·</span> 
     </span>
     <span class='ocr_line' id='line_1_62' title="bbox 411 5419 1175 5502; baseline -0.009 -22"><span class='ocrx_word' id='word_1_449' title='bbox 411 5427 503 5502; x_wconf 83' lang='lat' dir='ltr'>pideac</span> <span class='ocrx_word' id='word_1_450' title='bbox 529 5429 632 5501; x_wconf 88' lang='lat' dir='ltr'>publico</span> <span class='ocrx_word' id='word_1_451' title='bbox 653 5425 844 5483; x_wconf 81' lang='lat' dir='ltr'>collocabantur</span> <span class='ocrx_word' id='word_1_452' title='bbox 871 5425 941 5493; x_wconf 88' lang='lat' dir='ltr'>luco,</span> <span class='ocrx_word' id='word_1_453' title='bbox 970 5433 998 5478; x_wconf 90' lang='lat' dir='ltr'>ut</span> <span class='ocrx_word' id='word_1_454' title='bbox 1024 5423 1072 5476; x_wconf 87' lang='lat' dir='ltr'>boc</span> <span class='ocrx_word' id='word_1_455' title='bbox 1098 5419 1175 5474; x_wconf 92' lang='lat' dir='ltr'>modu</span> 
     </span>
    </p>
   </div>
   <div class='ocr_carea' id='block_1_9' title="bbox 1195 769 2062 5485">
    <p class='ocr_par' dir='ltr' id='par_1_12' title="bbox 1195 769 1979 2786">
     <span class='ocr_line' id='line_1_63' title="bbox 1195 769 1961 850; baseline 0.017 -30"><span class='ocrx_word' id='word_1_456' title='bbox 1195 769 1231 821; x_wconf 84' lang='lat' dir='ltr'>tia</span> <span class='ocrx_word' id='word_1_457' title='bbox 1246 787 1430 825; x_wconf 87' lang='lat' dir='ltr'>mensurarum</span> <span class='ocrx_word' id='word_1_458' title='bbox 1445 773 1548 825; x_wconf 83' lang='lat' dir='ltr'>orietur</span> <span class='ocrx_word' id='word_1_459' title='bbox 1560 775 1748 841; x_wconf 79' lang='lat' dir='ltr'>controuersia,</span> <span class='ocrx_word' id='word_1_460' title='bbox 1761 777 1794 828; x_wconf 87' lang='lat' dir='ltr'>ad</span> <span class='ocrx_word' id='word_1_461' title='bbox 1806 779 1882 844; x_wconf 85' lang='lat' dir='ltr'>illas,</span> <span class='ocrx_word' id='word_1_462' title='bbox 1896 797 1961 850; x_wconf 87' lang='lat' dir='ltr'>quae</span> 
     </span>
     <span class='ocr_line' id='line_1_64' title="bbox 1195 856 1961 934; baseline 0.01 -26"><span class='ocrx_word' id='word_1_463' title='bbox 1195 856 1300 928; x_wconf 87' lang='lat' dir='ltr'>publice</span> <span class='ocrx_word' id='word_1_464' title='bbox 1314 858 1485 930; x_wconf 85' lang='lat' dir='ltr'>prostabant,</span> <span class='ocrx_word' id='word_1_465' title='bbox 1497 861 1583 931; x_wconf 87' lang='lat' dir='ltr'>possit</span> <span class='ocrx_word' id='word_1_466' title='bbox 1595 863 1710 927; x_wconf 87' lang='lat' dir='ltr'>recurri,</span> <span class='ocrx_word' id='word_1_467' title='bbox 1735 881 1782 934; x_wconf 91' lang='lat' dir='ltr'>per</span> <span class='ocrx_word' id='word_1_468' title='bbox 1802 868 1833 918; x_wconf 86' lang='lat' dir='ltr'>l.</span> <span class='ocrx_word' id='word_1_469' title='bbox 1854 867 1961 920; x_wconf 76' lang='lat' dir='ltr'>Medios</span> 
     </span>
     <span class='ocr_line' id='line_1_65' title="bbox 1197 943 1962 1015; baseline 0.013 -23"><span class='ocrx_word' id='word_1_470' title='bbox 1197 953 1221 992; x_wconf 83' lang='lat' dir='ltr'>s.</span> <span class='ocrx_word' id='word_1_471' title='bbox 1239 943 1272 996; x_wconf 85' lang='lat' dir='ltr'>C.</span> <span class='ocrx_word' id='word_1_472' title='bbox 1284 943 1316 996; x_wconf 83' lang='lat' dir='ltr'>de</span> <span class='ocrx_word' id='word_1_473' title='bbox 1329 948 1446 1015; x_wconf 81' lang='lat' dir='ltr'>Srascept.</span> <span class='ocrx_word' id='word_1_474' title='bbox 1466 945 1563 998; x_wconf 85' lang='lat' dir='ltr'>Excell.</span> <span class='ocrx_word' id='word_1_475' title='bbox 1580 947 1631 998; x_wconf 87' lang='lat' dir='ltr'>Dn.</span> <span class='ocrx_word' id='word_1_476' title='bbox 1646 949 1679 999; x_wconf 90' lang='lat' dir='ltr'>D.</span> <span class='ocrx_word' id='word_1_477' title='bbox 1694 946 1795 1003; x_wconf 88' lang='lat' dir='ltr'>Brunn.</span> <span class='ocrx_word' id='word_1_478' title='bbox 1808 955 1962 1008; x_wconf 73' lang='lat' dir='ltr'>Comment.</span> 
     </span>
     <span class='ocr_line' id='line_1_66' title="bbox 1196 1027 1959 1106; baseline 0.012 -25"><span class='ocrx_word' id='word_1_479' title='bbox 1196 1027 1265 1081; x_wconf 78' lang='lat' dir='ltr'>cod.</span> <span class='ocrx_word' id='word_1_480' title='bbox 1283 1028 1363 1080; x_wconf 83' lang='lat' dir='ltr'>odd.</span> <span class='ocrx_word' id='word_1_481' title='bbox 1384 1032 1417 1082; x_wconf 74' lang='lat' dir='ltr'>L.</span> <span class='ocrx_word' id='word_1_482' title='bbox 1436 1031 1553 1083; x_wconf 79' lang='lat' dir='ltr'>Medios.</span> <span class='ocrx_word' id='word_1_483' title='bbox 1566 1031 1643 1102; x_wconf 85' lang='lat' dir='ltr'>Quod</span> <span class='ocrx_word' id='word_1_484' title='bbox 1664 1032 1751 1102; x_wconf 88' lang='lat' dir='ltr'>ipsum</span> <span class='ocrx_word' id='word_1_485' title='bbox 1770 1038 1895 1106; x_wconf 90' lang='lat' dir='ltr'>plurimis</span> <span class='ocrx_word' id='word_1_486' title='bbox 1913 1038 1959 1090; x_wconf 89' lang='lat' dir='ltr'>ad·</span> 
     </span>
     <span class='ocr_line' id='line_1_67' title="bbox 1199 1111 1963 1188; baseline 0.013 -26"><span class='ocrx_word' id='word_1_487' title='bbox 1199 1111 1248 1165; x_wconf 90' lang='lat' dir='ltr'>bue</span> <span class='ocrx_word' id='word_1_488' title='bbox 1263 1113 1291 1164; x_wconf 93' lang='lat' dir='ltr'>in</span> <span class='ocrx_word' id='word_1_489' title='bbox 1305 1113 1369 1166; x_wconf 90' lang='lat' dir='ltr'>locis</span> <span class='ocrx_word' id='word_1_490' title='bbox 1383 1114 1533 1168; x_wconf 86' lang='lat' dir='ltr'>rectissime</span> <span class='ocrx_word' id='word_1_491' title='bbox 1544 1115 1712 1179; x_wconf 83' lang='lat' dir='ltr'>obsecratur,</span> <span class='ocrx_word' id='word_1_492' title='bbox 1729 1119 1774 1170; x_wconf 88' lang='lat' dir='ltr'>uhi</span> <span class='ocrx_word' id='word_1_493' title='bbox 1786 1121 1873 1174; x_wconf 85' lang='lat' dir='ltr'>Medii</span> <span class='ocrx_word' id='word_1_494' title='bbox 1879 1161 1888 1188; x_wconf 87' lang='lat'>,</span> <span class='ocrx_word' id='word_1_495' title='bbox 1904 1131 1963 1176; x_wconf 85' lang='lat' dir='ltr'>ton·</span> 
     </span>
     <span class='ocr_line' id='line_1_68' title="bbox 1200 1199 1964 1273; baseline 0.016 -29"><span class='ocrx_word' id='word_1_496' title='bbox 1200 1211 1248 1246; x_wconf 89' lang='lat' dir='ltr'>nae</span> <span class='ocrx_word' id='word_1_497' title='bbox 1260 1199 1391 1267; x_wconf 88' lang='lat' dir='ltr'>pondera,</span> <span class='ocrx_word' id='word_1_498' title='bbox 1408 1200 1495 1264; x_wconf 86' lang='lat' dir='ltr'>ulnae,</span> <span class='ocrx_word' id='word_1_499' title='bbox 1509 1209 1535 1250; x_wconf 91' lang='lat' dir='ltr'>et</span> <span class='ocrx_word' id='word_1_500' title='bbox 1549 1201 1649 1254; x_wconf 87' lang='lat' dir='ltr'>similia</span> <span class='ocrx_word' id='word_1_501' title='bbox 1663 1212 1764 1255; x_wconf 88' lang='lat' dir='ltr'>certum</span> <span class='ocrx_word' id='word_1_502' title='bbox 1779 1205 1964 1273; x_wconf 88' lang='lat' dir='ltr'>praestitutum</span> 
     </span>
     <span class='ocr_line' id='line_1_69' title="bbox 1200 1279 1966 1358; baseline 0.009 -27"><span class='ocrx_word' id='word_1_503' title='bbox 1200 1279 1300 1334; x_wconf 88' lang='lat' dir='ltr'>babent</span> <span class='ocrx_word' id='word_1_504' title='bbox 1318 1283 1445 1348; x_wconf 85' lang='lat' dir='ltr'>ruodum,</span> <span class='ocrx_word' id='word_1_505' title='bbox 1466 1303 1577 1354; x_wconf 88' lang='lat' dir='ltr'>quorum</span> <span class='ocrx_word' id='word_1_506' title='bbox 1596 1288 1733 1356; x_wconf 86' lang='lat' dir='ltr'>exemplar</span> <span class='ocrx_word' id='word_1_507' title='bbox 1752 1287 1885 1358; x_wconf 83' lang='lat' dir='ltr'>signetur,</span> <span class='ocrx_word' id='word_1_508' title='bbox 1900 1297 1926 1341; x_wconf 88' lang='lat' dir='ltr'>et</span> <span class='ocrx_word' id='word_1_509' title='bbox 1937 1289 1966 1339; x_wconf 90' lang='lat' dir='ltr'>iu</span> 
     </span>
     <span class='ocr_line' id='line_1_70' title="bbox 1201 1363 1968 1440; baseline 0.017 -27"><span class='ocrx_word' id='word_1_510' title='bbox 1201 1363 1308 1432; x_wconf 81' lang='lat' dir='ltr'>publico</span> <span class='ocrx_word' id='word_1_511' title='bbox 1321 1368 1592 1438; x_wconf 81' lang='lat' dir='ltr'>asservatur,adquod</span> <span class='ocrx_word' id='word_1_512' title='bbox 1606 1371 1710 1440; x_wconf 88' lang='lat' dir='ltr'>reliqua</span> <span class='ocrx_word' id='word_1_513' title='bbox 1724 1374 1813 1425; x_wconf 92' lang='lat' dir='ltr'>omnia</span> <span class='ocrx_word' id='word_1_514' title='bbox 1828 1369 1968 1426; x_wconf 84' lang='lat' dir='ltr'>coniician·</span> 
     </span>
     <span class='ocr_line' id='line_1_71' title="bbox 1203 1450 1968 1509; baseline 0.014 -11"><span class='ocrx_word' id='word_1_515' title='bbox 1203 1450 1320 1500; x_wconf 80' lang='lat' dir='ltr'>tur.l)n.</span> <span class='ocrx_word' id='word_1_516' title='bbox 1336 1451 1493 1504; x_wconf 80' lang='lat' dir='ltr'>lileriusud</span> <span class='ocrx_word' id='word_1_517' title='bbox 1507 1454 1561 1504; x_wconf 82' lang='lat' dir='ltr'>Jus</span> <span class='ocrx_word' id='word_1_518' title='bbox 1574 1455 1663 1507; x_wconf 76' lang='lat' dir='ltr'>lutee</span> <span class='ocrx_word' id='word_1_519' title='bbox 1680 1458 1715 1509; x_wconf 87' lang='lat' dir='ltr'>P.</span> <span class='ocrx_word' id='word_1_520' title='bbox 1738 1466 1761 1506; x_wconf 81' lang='lat'>⁴.</span> <span class='ocrx_word' id='word_1_521' title='bbox 1779 1457 1819 1508; x_wconf 84' lang='lat' dir='ltr'>tit.</span> <span class='ocrx_word' id='word_1_522' title='bbox 1849 1469 1889 1508; x_wconf 82' lang='grc' dir='ltr'>ιι.</span> <span class='ocrx_word' id='word_1_523' title='bbox 1915 1459 1968 1509; x_wconf 83' lang='lat' dir='ltr'>Ar·</span> 
     </span>
     <span class='ocr_line' id='line_1_72' title="bbox 1202 1532 1968 1612; baseline 0.016 -30"><span class='ocrx_word' id='word_1_524' title='bbox 1202 1532 1246 1583; x_wconf 83' lang='lat' dir='ltr'>tic.</span> <span class='ocrx_word' id='word_1_525' title='bbox 1263 1543 1284 1584; x_wconf 93' lang='lat' dir='ltr'>t.</span> <span class='ocrx_word' id='word_1_526' title='bbox 1300 1552 1327 1585; x_wconf 91' lang='lat' dir='ltr'>n.</span> <span class='ocrx_word' id='word_1_527' title='bbox 1344 1545 1385 1585; x_wconf 78' lang='grc' dir='ltr'>ιι.</span> <span class='ocrx_word' id='word_1_528' title='bbox 1400 1536 1474 1588; x_wconf 86' lang='lat' dir='ltr'>Idem</span> <span class='ocrx_word' id='word_1_529' title='bbox 1488 1537 1568 1589; x_wconf 85' lang='lat' dir='ltr'>etiarn</span> <span class='ocrx_word' id='word_1_530' title='bbox 1583 1539 1627 1592; x_wconf 90' lang='lat' dir='ltr'>bic</span> <span class='ocrx_word' id='word_1_531' title='bbox 1640 1539 1807 1594; x_wconf 85' lang='lat' dir='ltr'>Francoiurti</span> <span class='ocrx_word' id='word_1_532' title='bbox 1821 1543 1905 1612; x_wconf 82' lang='lat' dir='ltr'>quoad</span> <span class='ocrx_word' id='word_1_533' title='bbox 1924 1541 1968 1594; x_wconf 89' lang='lat' dir='ltr'>de-</span> 
     </span>
     <span class='ocr_line' id='line_1_73' title="bbox 1205 1615 1970 1694; baseline 0.018 -32"><span class='ocrx_word' id='word_1_534' title='bbox 1205 1615 1424 1670; x_wconf 86' lang='lat' dir='ltr'>terminationem</span> <span class='ocrx_word' id='word_1_535' title='bbox 1439 1618 1576 1672; x_wconf 85' lang='lat' dir='ltr'>obserrare</span> <span class='ocrx_word' id='word_1_536' title='bbox 1588 1632 1643 1684; x_wconf 91' lang='lat' dir='ltr'>est,</span> <span class='ocrx_word' id='word_1_537' title='bbox 1663 1622 1793 1694; x_wconf 84' lang='lat' dir='ltr'>lapideae</span> <span class='ocrx_word' id='word_1_538' title='bbox 1812 1627 1884 1676; x_wconf 90' lang='lat' dir='ltr'>enim</span> <span class='ocrx_word' id='word_1_539' title='bbox 1897 1641 1970 1677; x_wconf 90' lang='lat' dir='ltr'>meu-</span> 
     </span>
     <span class='ocr_line' id='line_1_74' title="bbox 1205 1699 1970 1771; baseline 0.016 -21"><span class='ocrx_word' id='word_1_540' title='bbox 1205 1715 1282 1751; x_wconf 88' lang='lat' dir='ltr'>surae</span> <span class='ocrx_word' id='word_1_541' title='bbox 1293 1699 1322 1752; x_wconf 91' lang='lat' dir='ltr'>in</span> <span class='ocrx_word' id='word_1_542' title='bbox 1337 1703 1407 1754; x_wconf 85' lang='lat' dir='ltr'>curia</span> <span class='ocrx_word' id='word_1_543' title='bbox 1423 1715 1606 1771; x_wconf 81' lang='lat' dir='ltr'>asservantur,</span> <span class='ocrx_word' id='word_1_544' title='bbox 1620 1709 1682 1760; x_wconf 88' lang='lat' dir='ltr'>etsi</span> <span class='ocrx_word' id='word_1_545' title='bbox 1695 1725 1777 1762; x_wconf 89' lang='lat' dir='ltr'>norae</span> <span class='ocrx_word' id='word_1_546' title='bbox 1793 1707 1970 1763; x_wconf 78' lang='lat' dir='ltr'>oecalicieudae</span> 
     </span>
     <span class='ocr_line' id='line_1_75' title="bbox 1205 1783 1971 1864; baseline 0.013 -30"><span class='ocrx_word' id='word_1_547' title='bbox 1205 1783 1273 1848; x_wconf 91' lang='lat' dir='ltr'>sint,</span> <span class='ocrx_word' id='word_1_548' title='bbox 1289 1785 1479 1854; x_wconf 77' lang='lat' dir='ltr'>conseruntur,</span> <span class='ocrx_word' id='word_1_549' title='bbox 1498 1789 1604 1843; x_wconf 90' lang='lat' dir='ltr'>eaedem</span> <span class='ocrx_word' id='word_1_550' title='bbox 1617 1808 1674 1844; x_wconf 87' lang='lat' dir='ltr'>curu</span> <span class='ocrx_word' id='word_1_551' title='bbox 1690 1793 1804 1864; x_wconf 86' lang='lat' dir='ltr'>puhlicis</span> <span class='ocrx_word' id='word_1_552' title='bbox 1817 1813 1830 1845; x_wconf 88' lang='lat' dir='ltr'>a</span> <span class='ocrx_word' id='word_1_553' title='bbox 1844 1795 1971 1846; x_wconf 88' lang='lat' dir='ltr'>ministro</span> 
     </span>
     <span class='ocr_line' id='line_1_76' title="bbox 1206 1868 1973 1948; baseline 0.013 -30"><span class='ocrx_word' id='word_1_554' title='bbox 1206 1868 1343 1936; x_wconf 78' lang='lat' dir='ltr'>pulrhlioo,</span> <span class='ocrx_word' id='word_1_555' title='bbox 1357 1883 1448 1941; x_wconf 87' lang='lat' dir='ltr'>postea</span> <span class='ocrx_word' id='word_1_556' title='bbox 1462 1885 1549 1928; x_wconf 87' lang='lat' dir='ltr'>autem</span> <span class='ocrx_word' id='word_1_557' title='bbox 1562 1875 1697 1929; x_wconf 88' lang='lat' dir='ltr'>inustione</span> <span class='ocrx_word' id='word_1_558' title='bbox 1709 1877 1783 1946; x_wconf 85' lang='lat' dir='ltr'>galli,</span> <span class='ocrx_word' id='word_1_559' title='bbox 1796 1896 1875 1948; x_wconf 90' lang='lat' dir='ltr'>quem</span> <span class='ocrx_word' id='word_1_560' title='bbox 1891 1879 1973 1930; x_wconf 85' lang='lat' dir='ltr'>Sena·</span> 
     </span>
     <span class='ocr_line' id='line_1_77' title="bbox 1208 1953 1971 2032; baseline 0.012 -29"><span class='ocrx_word' id='word_1_561' title='bbox 1208 1961 1250 2004; x_wconf 89' lang='lat' dir='ltr'>tus</span> <span class='ocrx_word' id='word_1_562' title='bbox 1268 1953 1312 2006; x_wconf 88' lang='lat' dir='ltr'>bic</span> <span class='ocrx_word' id='word_1_563' title='bbox 1342 1955 1372 2008; x_wconf 92' lang='lat' dir='ltr'>in</span> <span class='ocrx_word' id='word_1_564' title='bbox 1403 1957 1504 2028; x_wconf 83' lang='lat' dir='ltr'>insigni</span> <span class='ocrx_word' id='word_1_565' title='bbox 1529 1959 1614 2029; x_wconf 83' lang='lat' dir='ltr'>gerit,</span> <span class='ocrx_word' id='word_1_566' title='bbox 1642 1969 1778 2012; x_wconf 85' lang='lat' dir='ltr'>notantur.</span> <span class='ocrx_word' id='word_1_567' title='bbox 1803 1959 1866 2012; x_wconf 86' lang='lat' dir='ltr'>Fuit</span> <span class='ocrx_word' id='word_1_568' title='bbox 1892 1976 1971 2032; x_wconf 85' lang='lat' dir='ltr'>porro</span> 
     </span>
     <span class='ocr_line' id='line_1_78' title="bbox 1209 2037 1973 2115; baseline 0.01 -28"><span class='ocrx_word' id='word_1_569' title='bbox 1209 2037 1289 2090; x_wconf 89' lang='lat' dir='ltr'>etiam</span> <span class='ocrx_word' id='word_1_570' title='bbox 1304 2039 1418 2102; x_wconf 81' lang='lat' dir='ltr'>Romae,</span> <span class='ocrx_word' id='word_1_571' title='bbox 1433 2051 1534 2094; x_wconf 88' lang='lat' dir='ltr'>certum</span> <span class='ocrx_word' id='word_1_572' title='bbox 1549 2059 1643 2112; x_wconf 86' lang='lat' dir='ltr'>corpus</span> <span class='ocrx_word' id='word_1_573' title='bbox 1658 2044 1713 2097; x_wconf 87' lang='lat' dir='ltr'>sire</span> <span class='ocrx_word' id='word_1_574' title='bbox 1725 2045 1890 2112; x_wconf 87' lang='lat' dir='ltr'>Collegium,</span> <span class='ocrx_word' id='word_1_575' title='bbox 1903 2043 1973 2115; x_wconf 89' lang='lat' dir='ltr'>quod</span> 
     </span>
     <span class='ocr_line' id='line_1_79' title="bbox 1209 2123 1970 2197; baseline 0.014 -26"><span class='ocrx_word' id='word_1_576' title='bbox 1209 2137 1395 2176; x_wconf 84' lang='lat' dir='ltr'>mensurarum</span> <span class='ocrx_word' id='word_1_577' title='bbox 1408 2123 1538 2179; x_wconf 78' lang='lat' dir='ltr'>tarraeatt</span> <span class='ocrx_word' id='word_1_578' title='bbox 1560 2145 1648 2180; x_wconf 88' lang='lat' dir='ltr'>euram</span> <span class='ocrx_word' id='word_1_579' title='bbox 1670 2129 1776 2194; x_wconf 90' lang='lat' dir='ltr'>habuit,</span> <span class='ocrx_word' id='word_1_580' title='bbox 1799 2130 1870 2197; x_wconf 86' lang='lat' dir='ltr'>juxta</span> <span class='ocrx_word' id='word_1_581' title='bbox 1889 2147 1970 2182; x_wconf 81' lang='lat' dir='ltr'>auaro-</span> 
     </span>
     <span class='ocr_line' id='line_1_80' title="bbox 1210 2206 1977 2282; baseline 0.01 -26"><span class='ocrx_word' id='word_1_582' title='bbox 1210 2222 1272 2258; x_wconf 89' lang='lat' dir='ltr'>nam</span> <span class='ocrx_word' id='word_1_583' title='bbox 1300 2206 1390 2274; x_wconf 84' lang='lat' dir='ltr'>urbis,</span> <span class='ocrx_word' id='word_1_584' title='bbox 1415 2211 1458 2262; x_wconf 89' lang='lat' dir='ltr'>eui</span> <span class='ocrx_word' id='word_1_585' title='bbox 1481 2222 1619 2282; x_wconf 82' lang='lat' dir='ltr'>propterea</span> <span class='ocrx_word' id='word_1_586' title='bbox 1644 2213 1743 2266; x_wconf 79' lang='lat' dir='ltr'>vacatio</span> <span class='ocrx_word' id='word_1_587' title='bbox 1763 2230 1902 2266; x_wconf 86' lang='lat' dir='ltr'>munerum</span> <span class='ocrx_word' id='word_1_588' title='bbox 1920 2223 1977 2265; x_wconf 87' lang='lat' dir='ltr'>erat</span> 
     </span>
     <span class='ocr_line' id='line_1_81' title="bbox 1211 2292 1979 2366; baseline 0.01 -26"><span class='ocrx_word' id='word_1_589' title='bbox 1211 2306 1335 2346; x_wconf 88' lang='lat' dir='ltr'>concessa</span> <span class='ocrx_word' id='word_1_590' title='bbox 1353 2298 1386 2348; x_wconf 79' lang='lat' dir='ltr'>L.</span> <span class='ocrx_word' id='word_1_591' title='bbox 1406 2296 1442 2349; x_wconf 82' lang='lat' dir='ltr'>ud</span> <span class='ocrx_word' id='word_1_592' title='bbox 1469 2295 1512 2348; x_wconf 80' lang='lat' dir='ltr'>lais</span> <span class='ocrx_word' id='word_1_593' title='bbox 1538 2296 1669 2350; x_wconf 80' lang='lat' dir='ltr'>oneribus</span> <span class='ocrx_word' id='word_1_594' title='bbox 1691 2308 1730 2348; x_wconf 89' lang='lat' dir='ltr'>to.</span> <span class='ocrx_word' id='word_1_595' title='bbox 1748 2292 1771 2366; x_wconf 83' lang='lat'>§.</span> <span class='ocrx_word' id='word_1_596' title='bbox 1796 2306 1816 2346; x_wconf 89' lang='lat' dir='ltr'>t.</span> <span class='ocrx_word' id='word_1_597' title='bbox 1821 2295 1862 2365; x_wconf 82' lang='lat' dir='ltr'><em>ff</em></span> <span class='ocrx_word' id='word_1_598' title='bbox 1876 2296 1908 2350; x_wconf 86' lang='lat' dir='ltr'>de</span> <span class='ocrx_word' id='word_1_599' title='bbox 1926 2299 1979 2349; x_wconf 79' lang='lat' dir='ltr'>Vo-</span> 
     </span>
     <span class='ocr_line' id='line_1_82' title="bbox 1212 2378 1975 2450; baseline 0.005 -22"><span class='ocrx_word' id='word_1_600' title='bbox 1212 2387 1265 2428; x_wconf 83' lang='lat' dir='ltr'>cat.</span> <span class='ocrx_word' id='word_1_601' title='bbox 1285 2380 1363 2431; x_wconf 89' lang='lat' dir='ltr'>Mun.</span> <span class='ocrx_word' id='word_1_602' title='bbox 1378 2381 1410 2431; x_wconf 79' lang='lat' dir='ltr'>L.</span> <span class='ocrx_word' id='word_1_603' title='bbox 1431 2381 1573 2432; x_wconf 80' lang='lat' dir='ltr'>Mensores</span> <span class='ocrx_word' id='word_1_604' title='bbox 1589 2378 1675 2450; x_wconf 67' lang='lat' dir='ltr'>isff</span> <span class='ocrx_word' id='word_1_605' title='bbox 1690 2380 1722 2432; x_wconf 86' lang='lat' dir='ltr'>de</span> <span class='ocrx_word' id='word_1_606' title='bbox 1737 2383 1868 2434; x_wconf 62' lang='lat' dir='ltr'>Eiccusut.</span> <span class='ocrx_word' id='word_1_607' title='bbox 1884 2384 1916 2434; x_wconf 79' lang='lat' dir='ltr'>L.</span> <span class='ocrx_word' id='word_1_608' title='bbox 1934 2391 1975 2432; x_wconf 83' lang='lat' dir='ltr'>tt.</span> 
     </span>
     <span class='ocr_line' id='line_1_83' title="bbox 1211 2459 1974 2535; baseline 0.001 -20"><span class='ocrx_word' id='word_1_609' title='bbox 1211 2459 1235 2533; x_wconf 94' lang='grc'><strong>5.</strong></span> <span class='ocrx_word' id='word_1_610' title='bbox 1245 2461 1303 2533; x_wconf 81' lang='lat' dir='ltr'>fin.</span> <span class='ocrx_word' id='word_1_611' title='bbox 1313 2463 1354 2533; x_wconf 81' lang='lat' dir='ltr'><em>ffi</em></span> <span class='ocrx_word' id='word_1_612' title='bbox 1372 2465 1405 2517; x_wconf 87' lang='lat' dir='ltr'>de</span> <span class='ocrx_word' id='word_1_613' title='bbox 1424 2469 1465 2518; x_wconf 86' lang='lat' dir='ltr'>Re</span> <span class='ocrx_word' id='word_1_614' title='bbox 1483 2463 1599 2517; x_wconf 74' lang='lat' dir='ltr'>Militat.</span> <span class='ocrx_word' id='word_1_615' title='bbox 1618 2464 1652 2514; x_wconf 86' lang='lat' dir='ltr'>Et</span> <span class='ocrx_word' id='word_1_616' title='bbox 1671 2465 1700 2516; x_wconf 93' lang='lat' dir='ltr'>hi</span> <span class='ocrx_word' id='word_1_617' title='bbox 1714 2465 1767 2535; x_wconf 89' lang='lat' dir='ltr'>ipsi</span> <span class='ocrx_word' id='word_1_618' title='bbox 1782 2481 1915 2517; x_wconf 90' lang='lat' dir='ltr'>mensores</span> <span class='ocrx_word' id='word_1_619' title='bbox 1928 2465 1974 2516; x_wconf 92' lang='lat' dir='ltr'>de-</span> 
     </span>
     <span class='ocr_line' id='line_1_84' title="bbox 1211 2546 1977 2619; baseline 0.004 -21"><span class='ocrx_word' id='word_1_620' title='bbox 1211 2546 1309 2600; x_wconf 88' lang='lat' dir='ltr'>bebant</span> <span class='ocrx_word' id='word_1_621' title='bbox 1327 2567 1383 2601; x_wconf 90' lang='lat' dir='ltr'>esse</span> <span class='ocrx_word' id='word_1_622' title='bbox 1403 2546 1513 2613; x_wconf 82' lang='lat' dir='ltr'>fideles,</span> <span class='ocrx_word' id='word_1_623' title='bbox 1532 2548 1690 2617; x_wconf 87' lang='lat' dir='ltr'>prudentes,</span> <span class='ocrx_word' id='word_1_624' title='bbox 1709 2549 1811 2619; x_wconf 87' lang='lat' dir='ltr'>optime</span> <span class='ocrx_word' id='word_1_625' title='bbox 1836 2548 1889 2600; x_wconf 85' lang='lat' dir='ltr'>sibi</span> <span class='ocrx_word' id='word_1_626' title='bbox 1914 2567 1977 2601; x_wconf 85' lang='lat' dir='ltr'>outt-</span> 
     </span>
     <span class='ocr_line' id='line_1_85' title="bbox 1214 2629 1978 2699; baseline -0.001 -17"><span class='ocrx_word' id='word_1_627' title='bbox 1214 2630 1277 2695; x_wconf 82' lang='lat' dir='ltr'>scii,</span> <span class='ocrx_word' id='word_1_628' title='bbox 1296 2631 1337 2683; x_wconf 93' lang='lat' dir='ltr'>uti</span> <span class='ocrx_word' id='word_1_629' title='bbox 1357 2631 1546 2684; x_wconf 87' lang='lat' dir='ltr'>describuntur</span> <span class='ocrx_word' id='word_1_630' title='bbox 1564 2631 1594 2684; x_wconf 89' lang='lat' dir='ltr'>in</span> <span class='ocrx_word' id='word_1_631' title='bbox 1613 2633 1645 2686; x_wconf 76' lang='lat' dir='ltr'>L.</span> <span class='ocrx_word' id='word_1_632' title='bbox 1668 2645 1690 2686; x_wconf 90' lang='lat' dir='ltr'>t.</span> <span class='ocrx_word' id='word_1_633' title='bbox 1704 2629 1763 2699; x_wconf 84' lang='lat' dir='ltr'>ins·</span> <span class='ocrx_word' id='word_1_634' title='bbox 1776 2633 1808 2687; x_wconf 80' lang='lat' dir='ltr'>C.</span> <span class='ocrx_word' id='word_1_635' title='bbox 1823 2631 1855 2684; x_wconf 85' lang='lat' dir='ltr'>de</span> <span class='ocrx_word' id='word_1_636' title='bbox 1868 2633 1978 2688; x_wconf 81' lang='lat' dir='ltr'>Condit.</span> 
     </span>
     <span class='ocr_line' id='line_1_86' title="bbox 1213 2713 1794 2786; baseline 0.003 -20"><span class='ocrx_word' id='word_1_637' title='bbox 1213 2714 1242 2766; x_wconf 85' lang='lat' dir='ltr'>in</span> <span class='ocrx_word' id='word_1_638' title='bbox 1258 2713 1335 2786; x_wconf 82' lang='lat' dir='ltr'>publ.</span> <span class='ocrx_word' id='word_1_639' title='bbox 1354 2719 1439 2769; x_wconf 81' lang='lat' dir='ltr'>llorr.</span> <span class='ocrx_word' id='word_1_640' title='bbox 1791 2724 1794 2730; x_wconf 88' lang='lat'>&#39;</span> 
     </span>
    </p>

    <p class='ocr_par' dir='ltr' id='par_1_13' title="bbox 1214 2802 1983 3786">
     <span class='ocr_line' id='line_1_87' title="bbox 1251 2802 1980 2874; baseline 0 -21"><span class='ocrx_word' id='word_1_641' title='bbox 1251 2803 1316 2853; x_wconf 85' lang='lat' dir='ltr'>Jure</span> <span class='ocrx_word' id='word_1_642' title='bbox 1336 2803 1495 2854; x_wconf 84' lang='lat' dir='ltr'>Recessuum</span> <span class='ocrx_word' id='word_1_643' title='bbox 1515 2802 1626 2874; x_wconf 90' lang='lat' dir='ltr'>lmperii</span> <span class='ocrx_word' id='word_1_644' title='bbox 1646 2803 1709 2856; x_wconf 89' lang='lat' dir='ltr'>haee</span> <span class='ocrx_word' id='word_1_645' title='bbox 1734 2802 1791 2874; x_wconf 84' lang='lat' dir='ltr'>ipsa</span> <span class='ocrx_word' id='word_1_646' title='bbox 1815 2817 1892 2868; x_wconf 85' lang='lat' dir='ltr'>eura,</span> <span class='ocrx_word' id='word_1_647' title='bbox 1916 2821 1980 2872; x_wconf 86' lang='lat' dir='ltr'>quac</span> 
     </span>
     <span class='ocr_line' id='line_1_88' title="bbox 1214 2882 1980 2957; baseline 0.003 -21"><span class='ocrx_word' id='word_1_648' title='bbox 1214 2882 1285 2938; x_wconf 89' lang='lat' dir='ltr'>eirca</span> <span class='ocrx_word' id='word_1_649' title='bbox 1302 2886 1437 2953; x_wconf 87' lang='lat' dir='ltr'>justitiam</span> <span class='ocrx_word' id='word_1_650' title='bbox 1454 2885 1600 2957; x_wconf 91' lang='lat' dir='ltr'>ponderum</span> <span class='ocrx_word' id='word_1_651' title='bbox 1617 2903 1646 2938; x_wconf 90' lang='lat' dir='ltr'>ac</span> <span class='ocrx_word' id='word_1_652' title='bbox 1659 2903 1842 2938; x_wconf 83' lang='lat' dir='ltr'>mensurarum</span> <span class='ocrx_word' id='word_1_653' title='bbox 1856 2896 1980 2948; x_wconf 76' lang='lat' dir='ltr'>versatur,</span> 
     </span>
     <span class='ocr_line' id='line_1_89' title="bbox 1215 2967 1981 3042; baseline 0.001 -23"><span class='ocrx_word' id='word_1_654' title='bbox 1215 2967 1375 3022; x_wconf 88' lang='lat' dir='ltr'>demandata</span> <span class='ocrx_word' id='word_1_655' title='bbox 1388 2981 1429 3022; x_wconf 89' lang='lat' dir='ltr'>est</span> <span class='ocrx_word' id='word_1_656' title='bbox 1450 2971 1482 3023; x_wconf 87' lang='lat' dir='ltr'>ab</span> <span class='ocrx_word' id='word_1_657' title='bbox 1504 2972 1572 3042; x_wconf 81' lang='lat' dir='ltr'>lurp.</span> <span class='ocrx_word' id='word_1_658' title='bbox 1594 2973 1687 3024; x_wconf 91' lang='lat' dir='ltr'>Carolo</span> <span class='ocrx_word' id='word_1_659' title='bbox 1707 2973 1740 3025; x_wconf 75' lang='lat' dir='ltr'>V.</span> <span class='ocrx_word' id='word_1_660' title='bbox 1763 2970 1934 3040; x_wconf 86' lang='lat' dir='ltr'>Principibus</span> <span class='ocrx_word' id='word_1_661' title='bbox 1952 2987 1981 3022; x_wconf 86' lang='lat' dir='ltr'>ac</span> 
     </span>
     <span class='ocr_line' id='line_1_90' title="bbox 1216 3053 1980 3126; baseline 0.001 -21"><span class='ocrx_word' id='word_1_662' title='bbox 1216 3053 1337 3106; x_wconf 80' lang='lat' dir='ltr'>statibus</span> <span class='ocrx_word' id='word_1_663' title='bbox 1364 3055 1494 3125; x_wconf 83' lang='lat' dir='ltr'>Imperii,</span> <span class='ocrx_word' id='word_1_664' title='bbox 1521 3055 1628 3126; x_wconf 86' lang='lat' dir='ltr'>illisque</span> <span class='ocrx_word' id='word_1_665' title='bbox 1651 3056 1802 3124; x_wconf 88' lang='lat' dir='ltr'>injunctum</span> <span class='ocrx_word' id='word_1_666' title='bbox 1827 3057 1876 3107; x_wconf 87' lang='lat' dir='ltr'>sub</span> <span class='ocrx_word' id='word_1_667' title='bbox 1897 3073 1980 3126; x_wconf 86' lang='lat' dir='ltr'>poena</span> 
     </span>
     <span class='ocr_line' id='line_1_91' title="bbox 1215 3135 1983 3211; baseline 0.007 -23"><span class='ocrx_word' id='word_1_668' title='bbox 1215 3135 1326 3190; x_wconf 88' lang='lat' dir='ltr'>duarum</span> <span class='ocrx_word' id='word_1_669' title='bbox 1344 3139 1494 3193; x_wconf 83' lang='lat' dir='ltr'>hiarcarum</span> <span class='ocrx_word' id='word_1_670' title='bbox 1515 3141 1572 3193; x_wconf 87' lang='lat' dir='ltr'>auri</span> <span class='ocrx_word' id='word_1_671' title='bbox 1592 3141 1666 3210; x_wconf 88' lang='lat' dir='ltr'>puri,</span> <span class='ocrx_word' id='word_1_672' title='bbox 1686 3151 1716 3193; x_wconf 91' lang='lat' dir='ltr'>ut</span> <span class='ocrx_word' id='word_1_673' title='bbox 1741 3139 1855 3211; x_wconf 89' lang='lat' dir='ltr'>quilibet</span> <span class='ocrx_word' id='word_1_674' title='bbox 1877 3140 1925 3192; x_wconf 88' lang='lat' dir='ltr'>hae</span> <span class='ocrx_word' id='word_1_675' title='bbox 1949 3140 1983 3193; x_wconf 90' lang='lat' dir='ltr'>de</span> 
     </span>
     <span class='ocr_line' id='line_1_92' title="bbox 1217 3223 1983 3296; baseline -0.003 -20"><span class='ocrx_word' id='word_1_676' title='bbox 1217 3241 1248 3276; x_wconf 93' lang='lat' dir='ltr'>re</span> <span class='ocrx_word' id='word_1_677' title='bbox 1271 3224 1301 3276; x_wconf 93' lang='lat' dir='ltr'>in</span> <span class='ocrx_word' id='word_1_678' title='bbox 1321 3241 1368 3276; x_wconf 86' lang='lat' dir='ltr'>suo</span> <span class='ocrx_word' id='word_1_679' title='bbox 1394 3223 1531 3278; x_wconf 85' lang='lat' dir='ltr'>territorio</span> <span class='ocrx_word' id='word_1_680' title='bbox 1548 3225 1676 3296; x_wconf 86' lang='lat' dir='ltr'>peculiari</span> <span class='ocrx_word' id='word_1_681' title='bbox 1695 3225 1831 3277; x_wconf 85' lang='lat' dir='ltr'>sanctione</span> <span class='ocrx_word' id='word_1_682' title='bbox 1853 3223 1983 3293; x_wconf 89' lang='lat' dir='ltr'>ejusmodi</span> 
     </span>
     <span class='ocr_line' id='line_1_93' title="bbox 1218 3305 1981 3380; baseline 0.001 -22"><span class='ocrx_word' id='word_1_683' title='bbox 1218 3305 1333 3362; x_wconf 78' lang='lat' dir='ltr'>falsariis</span> <span class='ocrx_word' id='word_1_684' title='bbox 1347 3319 1389 3362; x_wconf 83' lang='lat' dir='ltr'>eat</span> <span class='ocrx_word' id='word_1_685' title='bbox 1402 3309 1522 3374; x_wconf 76' lang='lat' dir='ltr'>obsiana,</span> <span class='ocrx_word' id='word_1_686' title='bbox 1541 3308 1610 3380; x_wconf 92' lang='lat' dir='ltr'>quod</span> <span class='ocrx_word' id='word_1_687' title='bbox 1630 3310 1716 3380; x_wconf 91' lang='lat' dir='ltr'>ipsum</span> <span class='ocrx_word' id='word_1_688' title='bbox 1736 3309 1765 3360; x_wconf 92' lang='lat' dir='ltr'>in</span> <span class='ocrx_word' id='word_1_689' title='bbox 1784 3306 1909 3361; x_wconf 89' lang='lat' dir='ltr'>Comitiis</span> <span class='ocrx_word' id='word_1_690' title='bbox 1930 3309 1981 3359; x_wconf 81' lang='lat' dir='ltr'>Au·</span> 
     </span>
     <span class='ocr_line' id='line_1_94' title="bbox 1216 3392 1980 3463; baseline -0.009 -17"><span class='ocrx_word' id='word_1_691' title='bbox 1216 3394 1335 3461; x_wconf 84' lang='lat' dir='ltr'>gustanis</span> <span class='ocrx_word' id='word_1_692' title='bbox 1354 3393 1453 3446; x_wconf 81' lang='lat' dir='ltr'>lactruu</span> <span class='ocrx_word' id='word_1_693' title='bbox 1474 3393 1503 3446; x_wconf 88' lang='lat' dir='ltr'>in</span> <span class='ocrx_word' id='word_1_694' title='bbox 1517 3393 1641 3463; x_wconf 80' lang='lat' dir='ltr'>Reform.</span> <span class='ocrx_word' id='word_1_695' title='bbox 1653 3392 1740 3446; x_wconf 78' lang='lat' dir='ltr'>Polie.</span> <span class='ocrx_word' id='word_1_696' title='bbox 1753 3392 1786 3444; x_wconf 84' lang='lat' dir='ltr'>de</span> <span class='ocrx_word' id='word_1_697' title='bbox 1801 3393 1888 3444; x_wconf 84' lang='lat' dir='ltr'>Anno</span> <span class='ocrx_word' id='word_1_698' title='bbox 1906 3401 1980 3442; x_wconf 77' lang='lat' dir='ltr'>ists.</span> 
     </span>
     <span class='ocr_line' id='line_1_95' title="bbox 1216 3473 1983 3542; baseline -0.005 -14"><span class='ocrx_word' id='word_1_699' title='bbox 1216 3477 1256 3529; x_wconf 86' lang='lat' dir='ltr'>tit.</span> <span class='ocrx_word' id='word_1_700' title='bbox 1281 3479 1350 3530; x_wconf 86' lang='lat' dir='ltr'>Von.</span> <span class='ocrx_word' id='word_1_701' title='bbox 1370 3477 1483 3530; x_wconf 81' lang='lat' dir='ltr'>etliclren</span> <span class='ocrx_word' id='word_1_702' title='bbox 1504 3477 1652 3542; x_wconf 83' lang='lat' dir='ltr'>Articuln,</span> <span class='ocrx_word' id='word_1_703' title='bbox 1671 3476 1807 3529; x_wconf 84' lang='lat' dir='ltr'>durinneu</span> <span class='ocrx_word' id='word_1_704' title='bbox 1828 3475 1878 3526; x_wconf 82' lang='lat' dir='ltr'>der</span> <span class='ocrx_word' id='word_1_705' title='bbox 1890 3473 1983 3540; x_wconf 68' lang='grc' dir='ltr'><em>Οὐτίς-</em></span> 
     </span>
     <span class='ocr_line' id='line_1_96' title="bbox 1218 3555 1983 3632; baseline -0.008 -20"><span class='ocrx_word' id='word_1_706' title='bbox 1218 3561 1272 3616; x_wconf 85' lang='lat' dir='ltr'>keit</span> <span class='ocrx_word' id='word_1_707' title='bbox 1294 3562 1430 3632; x_wconf 75' lang='lat' dir='ltr'>ordnung</span> <span class='ocrx_word' id='word_1_708' title='bbox 1447 3561 1645 3615; x_wconf 76' lang='lat' dir='ltr'>uorzunelrmen</span> <span class='ocrx_word' id='word_1_709' title='bbox 1666 3558 1793 3629; x_wconf 61' lang='lat' dir='ltr'>besodlen</span> <span class='ocrx_word' id='word_1_710' title='bbox 1814 3557 1894 3620; x_wconf 78' lang='lat' dir='ltr'>nird,</span> <span class='ocrx_word' id='word_1_711' title='bbox 1913 3555 1983 3627; x_wconf 89' lang='lat' dir='ltr'>quod</span> 
     </span>
     <span class='ocr_line' id='line_1_97' title="bbox 1219 3641 1983 3718; baseline -0.008 -20"><span class='ocrx_word' id='word_1_712' title='bbox 1219 3647 1364 3718; x_wconf 89' lang='lat' dir='ltr'>repetitum</span> <span class='ocrx_word' id='word_1_713' title='bbox 1378 3655 1494 3718; x_wconf 84' lang='lat' dir='ltr'>posteau</span> <span class='ocrx_word' id='word_1_714' title='bbox 1513 3643 1655 3716; x_wconf 80' lang='lat' dir='ltr'>liudolpho</span> <span class='ocrx_word' id='word_1_715' title='bbox 1673 3644 1708 3694; x_wconf 90' lang='lat'>11.</span> <span class='ocrx_word' id='word_1_716' title='bbox 1732 3643 1828 3696; x_wconf 86' lang='lat' dir='ltr'>Ordin.</span> <span class='ocrx_word' id='word_1_717' title='bbox 1846 3641 1932 3694; x_wconf 78' lang='lat' dir='ltr'>Polie.</span> <span class='ocrx_word' id='word_1_718' title='bbox 1952 3641 1983 3692; x_wconf 84' lang='lat' dir='ltr'>de</span> 
     </span>
     <span class='ocr_line' id='line_1_98' title="bbox 1220 3729 1496 3786; baseline -0.022 0"><span class='ocrx_word' id='word_1_719' title='bbox 1220 3736 1278 3786; x_wconf 84' lang='lat' dir='ltr'>Aa.</span> <span class='ocrx_word' id='word_1_720' title='bbox 1301 3729 1430 3786; x_wconf 69' lang='lat' dir='ltr'>issatis.</span> <span class='ocrx_word' id='word_1_721' title='bbox 1457 3740 1496 3781; x_wconf 83' lang='lat' dir='ltr'>ts.</span> 
     </span>
    </p>

    <p class='ocr_par' dir='ltr' id='par_1_14' title="bbox 1219 3811 2062 5485">
     <span class='ocr_line' id='line_1_99' title="bbox 1254 3811 2053 3884; baseline -0.015 -14"><span class='ocrx_word' id='word_1_722' title='bbox 1254 3815 1386 3884; x_wconf 82' lang='lat' dir='ltr'>Colligere</span> <span class='ocrx_word' id='word_1_723' title='bbox 1399 3813 1495 3870; x_wconf 85' lang='lat' dir='ltr'>exinde</span> <span class='ocrx_word' id='word_1_724' title='bbox 1513 3811 1590 3867; x_wconf 85' lang='lat' dir='ltr'>leeile</span> <span class='ocrx_word' id='word_1_725' title='bbox 1604 3820 1658 3876; x_wconf 87' lang='lat' dir='ltr'>est,</span> <span class='ocrx_word' id='word_1_726' title='bbox 1671 3811 1713 3866; x_wconf 93' lang='lat' dir='ltr'>cui</span> <span class='ocrx_word' id='word_1_727' title='bbox 1733 3817 1847 3882; x_wconf 87' lang='lat' dir='ltr'>potestas</span> <span class='ocrx_word' id='word_1_728' title='bbox 1861 3815 1978 3861; x_wconf 79' lang='lat' dir='ltr'>statuen-</span> <span class='ocrx_word' id='word_1_729' title='bbox 2022 3819 2053 3863; x_wconf 90' lang='lat' dir='ltr'>to</span> 
     </span>
     <span class='ocr_line' id='line_1_100' title="bbox 1221 3895 1981 3974; baseline -0.013 -20"><span class='ocrx_word' id='word_1_730' title='bbox 1221 3901 1295 3954; x_wconf 91' lang='lat' dir='ltr'>dide</span> <span class='ocrx_word' id='word_1_731' title='bbox 1313 3901 1458 3974; x_wconf 89' lang='lat' dir='ltr'>ponderum</span> <span class='ocrx_word' id='word_1_732' title='bbox 1478 3917 1507 3951; x_wconf 86' lang='lat' dir='ltr'>ac</span> <span class='ocrx_word' id='word_1_733' title='bbox 1520 3913 1702 3951; x_wconf 88' lang='lat' dir='ltr'>mensurarum</span> <span class='ocrx_word' id='word_1_734' title='bbox 1717 3895 1821 3966; x_wconf 82' lang='lat' dir='ltr'>justitie</span> <span class='ocrx_word' id='word_1_735' title='bbox 1840 3903 1981 3964; x_wconf 85' lang='lat' dir='ltr'>competat;</span> 
     </span>
     <span class='ocr_line' id='line_1_101' title="bbox 1219 3979 1983 4056; baseline -0.016 -16"><span class='ocrx_word' id='word_1_736' title='bbox 1219 3985 1447 4056; x_wconf 81' lang='lat' dir='ltr'>Distinguendum</span> <span class='ocrx_word' id='word_1_737' title='bbox 1461 3983 1535 4036; x_wconf 91' lang='lat' dir='ltr'>enim</span> <span class='ocrx_word' id='word_1_738' title='bbox 1552 3983 1624 4034; x_wconf 89' lang='lat' dir='ltr'>inter</span> <span class='ocrx_word' id='word_1_739' title='bbox 1644 3979 1791 4052; x_wconf 86' lang='lat' dir='ltr'>ponderum</span> <span class='ocrx_word' id='word_1_740' title='bbox 1805 3997 1834 4030; x_wconf 86' lang='lat' dir='ltr'>ae</span> <span class='ocrx_word' id='word_1_741' title='bbox 1850 3993 1983 4029; x_wconf 84' lang='lat' dir='ltr'>ruensure-</span> 
     </span>
     <span class='ocr_line' id='line_1_102' title="bbox 1221 4061 1983 4125; baseline -0.014 0"><span class='ocrx_word' id='word_1_742' title='bbox 1221 4089 1280 4125; x_wconf 91' lang='lat' dir='ltr'>rum</span> <span class='ocrx_word' id='word_1_743' title='bbox 1300 4067 1526 4124; x_wconf 84' lang='lat' dir='ltr'>constitutionem</span> <span class='ocrx_word' id='word_1_744' title='bbox 1545 4075 1572 4119; x_wconf 88' lang='lat' dir='ltr'>et</span> <span class='ocrx_word' id='word_1_745' title='bbox 1589 4063 1826 4119; x_wconf 81' lang='lat' dir='ltr'>Reformationem.</span> <span class='ocrx_word' id='word_1_746' title='bbox 1846 4061 1983 4114; x_wconf 84' lang='lat' dir='ltr'>Constitu-</span> 
     </span>
     <span class='ocr_line' id='line_1_103' title="bbox 1223 4145 2052 4224; baseline -0.018 -14"><span class='ocrx_word' id='word_1_747' title='bbox 1223 4157 1337 4219; x_wconf 91' lang='lat' dir='ltr'>tioucm,</span> <span class='ocrx_word' id='word_1_748' title='bbox 1350 4153 1406 4206; x_wconf 87' lang='lat' dir='ltr'>sire</span> <span class='ocrx_word' id='word_1_749' title='bbox 1417 4154 1458 4222; x_wconf 88' lang='lat' dir='ltr'>jus</span> <span class='ocrx_word' id='word_1_750' title='bbox 1473 4149 1670 4224; x_wconf 85' lang='lat' dir='ltr'>praescribendi</span> <span class='ocrx_word' id='word_1_751' title='bbox 1689 4145 1863 4200; x_wconf 80' lang='lat' dir='ltr'>interioritas</span> <span class='ocrx_word' id='word_1_752' title='bbox 1883 4155 1984 4198; x_wconf 86' lang='lat' dir='ltr'>certum</span> <span class='ocrx_word' id='word_1_753' title='bbox 2024 4156 2052 4196; x_wconf 89' lang='grc' dir='ltr'>ιι</span> 
     </span>
     <span class='ocr_line' id='line_1_104' title="bbox 1222 4229 1981 4308; baseline -0.017 -15"><span class='ocrx_word' id='word_1_754' title='bbox 1222 4255 1403 4293; x_wconf 84' lang='lat' dir='ltr'>mensurarum</span> <span class='ocrx_word' id='word_1_755' title='bbox 1422 4237 1600 4308; x_wconf 77' lang='lat' dir='ltr'>pondernmq3</span> <span class='ocrx_word' id='word_1_756' title='bbox 1615 4232 1722 4285; x_wconf 89' lang='lat' dir='ltr'>modum</span> <span class='ocrx_word' id='word_1_757' title='bbox 1742 4249 1771 4284; x_wconf 81' lang='lat' dir='ltr'>ac</span> <span class='ocrx_word' id='word_1_758' title='bbox 1788 4229 1981 4300; x_wconf 87' lang='lat' dir='ltr'>quantitatem,</span> 
     </span>
     <span class='ocr_line' id='line_1_105' title="bbox 1221 4313 1984 4396; baseline -0.017 -19"><span class='ocrx_word' id='word_1_759' title='bbox 1221 4341 1298 4396; x_wconf 88' lang='lat' dir='ltr'>quam</span> <span class='ocrx_word' id='word_1_760' title='bbox 1325 4322 1399 4393; x_wconf 89' lang='lat' dir='ltr'>sequi</span> <span class='ocrx_word' id='word_1_761' title='bbox 1421 4329 1574 4383; x_wconf 90' lang='lat' dir='ltr'>teneantur,</span> <span class='ocrx_word' id='word_1_762' title='bbox 1593 4318 1643 4369; x_wconf 88' lang='lat' dir='ltr'>soli</span> <span class='ocrx_word' id='word_1_763' title='bbox 1658 4315 1798 4388; x_wconf 84' lang='lat' dir='ltr'>Superimi</span> <span class='ocrx_word' id='word_1_764' title='bbox 1823 4313 1984 4367; x_wconf 83' lang='lat' dir='ltr'>territoralia</span> 
     </span>
     <span class='ocr_line' id='line_1_106' title="bbox 1221 4401 1985 4478; baseline -0.016 -18"><span class='ocrx_word' id='word_1_765' title='bbox 1221 4411 1278 4478; x_wconf 84' lang='lat' dir='ltr'>jura</span> <span class='ocrx_word' id='word_1_766' title='bbox 1298 4405 1408 4460; x_wconf 79' lang='lat' dir='ltr'>babenti</span> <span class='ocrx_word' id='word_1_767' title='bbox 1426 4403 1633 4474; x_wconf 69' lang='lat' dir='ltr'>adscripserim</span> <span class='ocrx_word' id='word_1_768' title='bbox 1651 4405 1696 4471; x_wconf 93' lang='lat' dir='ltr'>qui</span> <span class='ocrx_word' id='word_1_769' title='bbox 1722 4409 1801 4470; x_wconf 91' lang='lat' dir='ltr'>prout</span> <span class='ocrx_word' id='word_1_770' title='bbox 1826 4401 1924 4467; x_wconf 87' lang='lat' dir='ltr'>justum</span> <span class='ocrx_word' id='word_1_771' title='bbox 1943 4415 1985 4452; x_wconf 87' lang='lat' dir='ltr'>ae-</span> 
     </span>
     <span class='ocr_line' id='line_1_107' title="bbox 1222 4483 1984 4563; baseline -0.014 -19"><span class='ocrx_word' id='word_1_772' title='bbox 1222 4508 1353 4563; x_wconf 90' lang='lat' dir='ltr'>quumque</span> <span class='ocrx_word' id='word_1_773' title='bbox 1367 4489 1419 4559; x_wconf 90' lang='lat' dir='ltr'>ipsi</span> <span class='ocrx_word' id='word_1_774' title='bbox 1433 4487 1581 4551; x_wconf 86' lang='lat' dir='ltr'>ridebitur,</span> <span class='ocrx_word' id='word_1_775' title='bbox 1593 4505 1622 4540; x_wconf 89' lang='lat' dir='ltr'>ac</span> <span class='ocrx_word' id='word_1_776' title='bbox 1640 4485 1875 4548; x_wconf 87' lang='lat' dir='ltr'>commerciorum,</span> <span class='ocrx_word' id='word_1_777' title='bbox 1894 4483 1984 4535; x_wconf 88' lang='lat' dir='ltr'>subdi-</span> 
     </span>
     <span class='ocr_line' id='line_1_108' title="bbox 1223 4565 1986 4644; baseline -0.014 -14"><span class='ocrx_word' id='word_1_778' title='bbox 1223 4588 1361 4644; x_wconf 89' lang='lat' dir='ltr'>torumque</span> <span class='ocrx_word' id='word_1_779' title='bbox 1379 4589 1486 4625; x_wconf 87' lang='lat' dir='ltr'>snorum</span> <span class='ocrx_word' id='word_1_780' title='bbox 1505 4571 1610 4623; x_wconf 86' lang='lat' dir='ltr'>utilitas</span> <span class='ocrx_word' id='word_1_781' title='bbox 1635 4569 1837 4640; x_wconf 77' lang='lat' dir='ltr'>efflagitaverit,</span> <span class='ocrx_word' id='word_1_782' title='bbox 1858 4565 1986 4620; x_wconf 87' lang='lat' dir='ltr'>determi-</span> 
     </span>
     <span class='ocr_line' id='line_1_109' title="bbox 1223 4651 1986 4740; baseline -0.016 -26"><span class='ocrx_word' id='word_1_783' title='bbox 1223 4679 1287 4714; x_wconf 87' lang='lat' dir='ltr'>nare</span> <span class='ocrx_word' id='word_1_784' title='bbox 1298 4661 1371 4712; x_wconf 90' lang='lat' dir='ltr'>illam</span> <span class='ocrx_word' id='word_1_785' title='bbox 1385 4665 1487 4740; x_wconf 81' lang='lat' dir='ltr'>potest3</span> <span class='ocrx_word' id='word_1_786' title='bbox 1501 4664 1529 4706; x_wconf 91' lang='lat' dir='ltr'>et</span> <span class='ocrx_word' id='word_1_787' title='bbox 1540 4654 1589 4707; x_wconf 90' lang='lat' dir='ltr'>hoc</span> <span class='ocrx_word' id='word_1_788' title='bbox 1607 4671 1667 4706; x_wconf 89' lang='lat' dir='ltr'>casu</span> <span class='ocrx_word' id='word_1_789' title='bbox 1681 4662 1786 4724; x_wconf 85' lang='lat' dir='ltr'>praeter</span> <span class='ocrx_word' id='word_1_790' title='bbox 1802 4651 1923 4721; x_wconf 72' lang='lat' dir='ltr'>obsequii</span> <span class='ocrx_word' id='word_1_791' title='bbox 1935 4651 1986 4720; x_wconf 83' lang='lat' dir='ltr'>glo·</span> 
     </span>
     <span class='ocr_line' id='line_1_110' title="bbox 1222 4735 2057 4810; baseline -0.018 -11"><span class='ocrx_word' id='word_1_792' title='bbox 1222 4747 1289 4799; x_wconf 89' lang='lat' dir='ltr'>riam</span> <span class='ocrx_word' id='word_1_793' title='bbox 1303 4741 1419 4796; x_wconf 88' lang='lat' dir='ltr'>subditis</span> <span class='ocrx_word' id='word_1_794' title='bbox 1432 4737 1544 4792; x_wconf 90' lang='lat' dir='ltr'>concedo</span> <span class='ocrx_word' id='word_1_795' title='bbox 1560 4755 1662 4810; x_wconf 89' lang='lat' dir='ltr'>parum.</span> <span class='ocrx_word' id='word_1_796' title='bbox 1674 4739 1703 4792; x_wconf 89' lang='lat' dir='ltr'>Si</span> <span class='ocrx_word' id='word_1_797' title='bbox 1716 4755 1775 4790; x_wconf 89' lang='lat' dir='ltr'>rero</span> <span class='ocrx_word' id='word_1_798' title='bbox 1789 4735 1858 4791; x_wconf 88' lang='lat' dir='ltr'>lorte</span> <span class='ocrx_word' id='word_1_799' title='bbox 1872 4735 1987 4798; x_wconf 79' lang='lat' dir='ltr'>eveniat,</span> <span class='ocrx_word' id='word_1_800' title='bbox 2027 4745 2057 4785; x_wconf 82' lang='grc' dir='ltr'>ιι</span> 
     </span>
     <span class='ocr_line' id='line_1_111' title="bbox 1222 4821 1987 4897; baseline -0.016 -15"><span class='ocrx_word' id='word_1_801' title='bbox 1222 4827 1355 4897; x_wconf 80' lang='lat' dir='ltr'>corrrrmpi</span> <span class='ocrx_word' id='word_1_802' title='bbox 1369 4844 1383 4877; x_wconf 87' lang='lat' dir='ltr'>a</span> <span class='ocrx_word' id='word_1_803' title='bbox 1397 4821 1555 4894; x_wconf 89' lang='lat' dir='ltr'>quibusdam</span> <span class='ocrx_word' id='word_1_804' title='bbox 1568 4821 1714 4892; x_wconf 88' lang='lat' dir='ltr'>ponderum</span> <span class='ocrx_word' id='word_1_805' title='bbox 1728 4831 1785 4890; x_wconf 77' lang='lat' dir='ltr'>atq3</span> <span class='ocrx_word' id='word_1_806' title='bbox 1802 4835 1987 4874; x_wconf 86' lang='lat' dir='ltr'>mensurarum</span> 
     </span>
     <span class='ocr_line' id='line_1_112' title="bbox 1223 4903 1987 4983; baseline -0.01 -19"><span class='ocrx_word' id='word_1_807' title='bbox 1223 4913 1417 4983; x_wconf 85' lang='lat' dir='ltr'>quantitatem,</span> <span class='ocrx_word' id='word_1_808' title='bbox 1431 4923 1487 4959; x_wconf 85' lang='lat' dir='ltr'>eam</span> <span class='ocrx_word' id='word_1_809' title='bbox 1508 4909 1548 4959; x_wconf 87' lang='lat' dir='ltr'>rel</span> <span class='ocrx_word' id='word_1_810' title='bbox 1560 4906 1716 4977; x_wconf 85' lang='lat' dir='ltr'>augentibus</span> <span class='ocrx_word' id='word_1_811' title='bbox 1734 4907 1775 4960; x_wconf 81' lang='lat' dir='ltr'>rel</span> <span class='ocrx_word' id='word_1_812' title='bbox 1789 4903 1987 4968; x_wconf 88' lang='lat' dir='ltr'>minuentibus,</span> 
     </span>
     <span class='ocr_line' id='line_1_113' title="bbox 1225 4989 1987 5069; baseline -0.013 -20"><span class='ocrx_word' id='word_1_813' title='bbox 1225 5015 1273 5069; x_wconf 89' lang='lat' dir='ltr'>pro</span> <span class='ocrx_word' id='word_1_814' title='bbox 1287 4996 1435 5049; x_wconf 86' lang='lat' dir='ltr'>animorum</span> <span class='ocrx_word' id='word_1_815' title='bbox 1450 4989 1987 5060; x_wconf 63' lang='lat' dir='ltr'>snorumavaritiaacdtnpyspurexpleu-</span> 
     </span>
     <span class='ocr_line' id='line_1_114' title="bbox 1226 5073 1989 5149; baseline -0.014 -15"><span class='ocrx_word' id='word_1_816' title='bbox 1226 5085 1274 5145; x_wconf 86' lang='lat' dir='ltr'>da,</span> <span class='ocrx_word' id='word_1_817' title='bbox 1293 5080 1342 5132; x_wconf 91' lang='lat' dir='ltr'>hoc</span> <span class='ocrx_word' id='word_1_818' title='bbox 1360 5094 1439 5149; x_wconf 89' lang='lat' dir='ltr'>passu</span> <span class='ocrx_word' id='word_1_819' title='bbox 1457 5077 1537 5129; x_wconf 81' lang='lat' dir='ltr'>etiarn</span> <span class='ocrx_word' id='word_1_820' title='bbox 1555 5074 1727 5146; x_wconf 82' lang='lat' dir='ltr'>Magistratui</span> <span class='ocrx_word' id='word_1_821' title='bbox 1745 5073 1870 5126; x_wconf 86' lang='lat' dir='ltr'>inleriori</span> <span class='ocrx_word' id='word_1_822' title='bbox 1888 5073 1928 5140; x_wconf 76' lang='lat' dir='ltr'>jus</span> <span class='ocrx_word' id='word_1_823' title='bbox 1948 5089 1989 5124; x_wconf 92' lang='lat' dir='ltr'>re·</span> 
     </span>
     <span class='ocr_line' id='line_1_115' title="bbox 1229 5154 1992 5230; baseline -0.009 -17"><span class='ocrx_word' id='word_1_824' title='bbox 1229 5160 1363 5215; x_wconf 73' lang='lat' dir='ltr'>formandi</span> <span class='ocrx_word' id='word_1_825' title='bbox 1377 5159 1491 5230; x_wconf 88' lang='lat' dir='ltr'>pondera</span> <span class='ocrx_word' id='word_1_826' title='bbox 1505 5171 1583 5229; x_wconf 88' lang='lat' dir='ltr'>atque</span> <span class='ocrx_word' id='word_1_827' title='bbox 1597 5171 1735 5209; x_wconf 90' lang='lat' dir='ltr'>mensuras</span> <span class='ocrx_word' id='word_1_828' title='bbox 1754 5156 1944 5209; x_wconf 86' lang='lat' dir='ltr'>concesserim:</span> <span class='ocrx_word' id='word_1_829' title='bbox 1960 5154 1992 5206; x_wconf 93' lang='lat' dir='ltr'>ld</span> 
     </span>
     <span class='ocr_line' id='line_1_116' title="bbox 1229 5238 1991 5307; baseline -0.009 -10"><span class='ocrx_word' id='word_1_830' title='bbox 1229 5257 1316 5298; x_wconf 89' lang='lat' dir='ltr'>tamen</span> <span class='ocrx_word' id='word_1_831' title='bbox 1334 5261 1387 5297; x_wconf 93' lang='lat' dir='ltr'>non</span> <span class='ocrx_word' id='word_1_832' title='bbox 1408 5241 1581 5307; x_wconf 88' lang='lat' dir='ltr'>indistincte,</span> <span class='ocrx_word' id='word_1_833' title='bbox 1594 5257 1643 5294; x_wconf 89' lang='lat' dir='ltr'>nce</span> <span class='ocrx_word' id='word_1_834' title='bbox 1660 5241 1700 5293; x_wconf 90' lang='lat' dir='ltr'>uti</span> <span class='ocrx_word' id='word_1_835' title='bbox 1720 5238 1831 5293; x_wconf 89' lang='lat' dir='ltr'>libuerit</span> <span class='ocrx_word' id='word_1_836' title='bbox 1849 5238 1991 5307; x_wconf 84' lang='lat' dir='ltr'>Magistra·</span> 
     </span>
     <span class='ocr_line' id='line_1_117' title="bbox 1229 5323 2062 5396; baseline -0.011 -12"><span class='ocrx_word' id='word_1_837' title='bbox 1229 5331 1267 5384; x_wconf 89' lang='lat' dir='ltr'>tui</span> <span class='ocrx_word' id='word_1_838' title='bbox 1287 5329 1425 5392; x_wconf 55' lang='lat' dir='ltr'>interiore</span> <span class='ocrx_word' id='word_1_839' title='bbox 1441 5329 1493 5382; x_wconf 90' lang='lat' dir='ltr'>Sed</span> <span class='ocrx_word' id='word_1_840' title='bbox 1514 5328 1566 5392; x_wconf 91' lang='lat' dir='ltr'>ita,</span> <span class='ocrx_word' id='word_1_841' title='bbox 1587 5337 1614 5380; x_wconf 88' lang='lat' dir='ltr'>ut</span> <span class='ocrx_word' id='word_1_842' title='bbox 1632 5325 1745 5380; x_wconf 77' lang='lat' dir='ltr'>formam</span> <span class='ocrx_word' id='word_1_843' title='bbox 1763 5343 1793 5378; x_wconf 85' lang='lat' dir='ltr'>ae</span> <span class='ocrx_word' id='word_1_844' title='bbox 1809 5323 1985 5396; x_wconf 83' lang='lat' dir='ltr'>quarniteteru</span> <span class='ocrx_word' id='word_1_845' title='bbox 2033 5333 2062 5375; x_wconf 81' lang='lat' dir='ltr'>ts</span> 
     </span>
     <span class='ocr_line' id='line_1_118' title="bbox 1229 5403 1995 5485; baseline -0.013 -18"><span class='ocrx_word' id='word_1_846' title='bbox 1229 5433 1261 5468; x_wconf 79' lang='lat' dir='ltr'>ex</span> <span class='ocrx_word' id='word_1_847' title='bbox 1278 5413 1424 5484; x_wconf 76' lang='lat' dir='ltr'>,trohetypo</span> <span class='ocrx_word' id='word_1_848' title='bbox 1444 5411 1528 5485; x_wconf 85' lang='lat' dir='ltr'>ipsius</span> <span class='ocrx_word' id='word_1_849' title='bbox 1543 5410 1677 5484; x_wconf 86' lang='lat' dir='ltr'>Principis</span> <span class='ocrx_word' id='word_1_850' title='bbox 1695 5409 1831 5466; x_wconf 86' lang='lat' dir='ltr'>desumere</span> <span class='ocrx_word' id='word_1_851' title='bbox 1847 5403 1995 5462; x_wconf 86' lang='lat' dir='ltr'>obstrietus</span> 
     </span>
    </p>
   </div>
   <div class='ocr_carea' id='block_1_10' title="bbox 0 0 2254 6340">
    <p class='ocr_par' dir='ltr' id='par_1_15' title="bbox 0 0 2254 6340">
     <span class='ocr_line' id='line_1_119' title="bbox 0 0 2254 6340; baseline 0 0"><span class='ocrx_word' id='word_1_852' title='bbox 0 0 2254 6340; x_wconf 95' lang='lat' dir='ltr'> </span> 
     </span>
    </p>
   </div>
  </div>
 </body>
</html>
