4478 6350
252 572 257 584 .
338 543 389 615 ιιι
649 495 725 592 ἰιι
741 536 844 594 ιιοιι
861 537 1024 608 rrusoua
1042 535 1201 594 arracru
1221 535 1260 594 m
1278 538 1431 594 usuum
1725 547 1778 614 ιι.

265 633 370 716 sensi,
386 632 591 702 auctoritatis
606 631 770 699 clarorum
785 633 934 699 virorum
949 629 1039 697 lrautl
1053 631 1244 716 immemor,
1261 633 1305 697 ita
1320 651 1449 718 tamen,
1468 655 1507 704 ut
1523 639 1671 708 veritatis
1690 641 1852 710 rationem

266 729 425 818 majorem
441 749 507 792 seur
554 721 701 804 rhabui,
717 723 842 789 durum
855 723 1046 788 existimans
1059 734 1193 826 propter
1207 725 1432 790 auctoritatem
1447 726 1574 796 alienae
1589 730 1742 799 lrludtms
1756 756 1852 798 mau-

266 819 394 908 cipium
409 813 493 882 fieri.
510 748 582 884 gur
597 833 708 880 autem
725 815 836 904 plures
851 825 1104 905 coagmentartm
1124 813 1299 894 ductores,
1318 815 1457 882 sollicito
1477 817 1562 886 sorte
1582 833 1617 888 et
1637 821 1758 913 iniquo
1772 845 1851 888 ceu-

265 908 349 994 sori,
364 905 449 974 hanc
464 904 580 972 damus
596 929 740 986 causam,
756 903 887 970 candidi
909 925 978 968 esse
993 901 1149 992 pectoris,
1164 904 1306 972 virtutes
1321 929 1357 972 ae
1372 904 1464 974 dotes
1483 909 1624 978 aliorum
1645 911 1691 976 ita
1712 934 1851 982 exoscu-

265 997 344 1082 lari,
360 1019 403 1063 ne
418 995 621 1076 dissimules,
638 1019 697 1100 per
738 1017 797 1061 uos
813 991 1003 1085 profeceris,
1019 991 1210 1085 alienasque
1227 993 1342 1061 laudes
1357 997 1513 1082 occultes,
1534 1018 1568 1066 et
1587 999 1634 1068 sic
1700 1002 1849 1070 rieulum

265 1087 363 1154 adeas
387 1086 572 1154 corniculae
596 1085 688 1153 illtus
712 1019 872 1167 lumime,
895 1081 1014 1150 alicnis
1039 1081 1162 1185 plumis
1186 1085 1425 1174 superbientis,
1441 1099 1480 1154 ut
1499 1101 1547 1156 est
1571 1089 1608 1156 iu
1629 1091 1660 1158 fa
1688 1091 1760 1158 ulis.
1777 1091 1848 1159 Hoc

264 1201 344 1245 vero
359 1177 403 1244 ita
412 1227 423 1260 ,
439 1200 482 1243 ne
497 1175 619 1270 gloriae
635 1173 747 1244 studio
763 1175 849 1242 illud
861 1174 975 1240 ridear
987 1171 1115 1256 secuse,
1132 1171 1189 1240 sed
1204 1173 1296 1264 quod
1314 1201 1414 1242 suum
1431 1177 1578 1247 tribuere
1598 1182 1721 1273 cuique
1745 1181 1847 1248 etiam

263 1269 418 1336 sacratiss.
434 1268 562 1336 lustin.
578 1265 760 1334 admonitio
776 1289 834 1332 nos
850 1264 979 1344 doceat,
998 1285 1077 1328 oum
1095 1262 1284 1330 alienorum
1300 1265 1449 1334 laborum
1467 1268 1621 1362 plagiarii
1639 1273 1681 1338 sit
1695 1293 1737 1338 ex
1752 1295 1848 1364 pere-

287 1357 369 1425 riuis
383 1357 497 1448 spoliis
513 1359 658 1424 nominis
679 1356 730 1424 sui
746 1355 959 1422 exaedificare
979 1365 1207 1420 monumenta.
1228 1354 1283 1420 td
1303 1381 1480 1444 summam,
1497 1359 1580 1454 quid
1606 1359 1664 1427 uid
1683 1360 1760 1446 leci,
1784 1360 1846 1428 hoe

263 1382 325 1515 leci
341 1448 489 1520 exercitii
506 1447 627 1540 gratia,
642 1471 682 1513 eo
697 1447 801 1540 magis
820 1442 1073 1524 condonandus,
1094 1443 1130 1508 in
1146 1455 1212 1509 tam
1229 1443 1358 1515 difficili
1380 1451 1533 1538 materie3
1553 1385 1604 1517 ad1
1613 1453 1709 1545 cujus
1729 1450 1845 1520 erolu-

264 1537 389 1696 tikti'rrem
411 1561 502 1604 nuuc
518 1537 724 1629 progredior,
740 1539 848 1607 Deum
869 1536 939 1605 Ter
957 1532 1037 1626 Opt.
1060 1531 1146 1601 ttax.
1166 1533 1358 1607 humillima
1379 1561 1513 1636 rogans,
1535 1553 1574 1609 ut
1594 1542 1705 1609 omnia
1725 1540 1845 1610 cedant

312 1629 614 1697 mmmmmm

887 1811 1139 1890 CAPUT
1184 1817 1214 1886 1.

718 1982 776 2050 De
793 1980 897 2084 dioro
913 1983 1052 2075 laj'usque
1066 1979 1184 2071 effectu
1199 1987 1237 2050 in
1248 2007 1383 2078 genem.

410 2189 787 2248 ,ιιιιιιιιιιιι
869 2231 870 2238 .
1080 2186 1265 2246 consuitur
1279 2180 1843 2266 uta<unnnp2mmlnnnmn

1111 2294 1139 2328 ιι.
1162 2282 1204 2326 ιι.

264 2359 444 2434 Praesamen.
462 2379 491 2416 ιι.
513 2373 535 2416 ι.
665 2411 667 2416 ,
770 2429 773 2434 ¹
1076 2357 1119 2431 (ι)
1136 2359 1244 2414 Faoore
1261 2358 1305 2416 ret
1318 2359 1435 2416 deltae.
1452 2383 1480 2418 ιι.
1501 2375 1542 2420 ιι.

264 2451 365 2504 llorae
381 2443 488 2501 divom
507 2439 677 2516 significatio.
696 2463 724 2498 ιι.
743 2455 770 2497 ι.
1079 2441 1122 2515 (ι)
1142 2445 1213 2499 olio
1232 2443 1373 2502 debitoris.
1392 2465 1421 2502 ιι.
1441 2459 1485 2502 ιι.

262 2535 336 2608 ,ἔδω
355 2528 492 2586 definitio.
510 2549 538 2584 ιι.
558 2543 583 2583 ι.
1078 2525 1119 2600 (ι)
1137 2530 1260 2585 Absente
1275 2531 1397 2587 debitore
1413 2531 1626 2608 interpellando·
1644 2555 1673 2592 ιι.
1694 2547 1736 2592 ιι.

263 2615 449 2692 Definitionis
464 2611 623 2688 explicatio.
639 2612 669 2668 ιι.
686 2623 716 2666 ι.
1080 2611 1120 2686 (ι)
1136 2614 1235 2669 Altero
1253 2635 1312 2670 aon
1329 2615 1457 2691 implente
1465 2655 1475 2686 ,
1494 2621 1570 2694 quod
1585 2621 1672 2678 debet.
1691 2641 1719 2675 n.
1741 2635 1784 2678 ιι.

266 2701 376 2760 Divisio
396 2719 501 2756 morae.
519 2717 549 2754 ιι.
570 2710 595 2752 ι.
1080 2700 1129 2752 An
1148 2697 1220 2752 alatis
1233 2699 1387 2772 promissor
1398 2719 1504 2758 moram
1519 2723 1555 2760 ea·
1566 2722 1597 2763 re
1608 2709 1778 2765 contrahat?
1791 2706 1844 2780 aff.

262 2787 396 2861 ,Ejusdem
414 2783 570 2842 subdivisio.
590 2801 619 2837 ιι.
640 2796 664 2837 ι.
1118 2799 1150 2836 ιι.
1168 2793 1211 2836 ιι.

263 2878 347 2930 Mora
364 2891 402 2926 aa
418 2887 538 2941 persana
556 2867 647 2940 quae?
665 2885 694 2920 n·
714 2877 738 2919 ι.
1082 2863 1164 2920 latio
1182 2863 1394 2938 affirmationis.
1411 2889 1440 2924 ιι.
1461 2883 1503 2926 ιι.
1621 2895 1627 2904 ·

265 2956 455 3027 Ιιιιιιμιιιιιιίι
473 2952 645 3010 describitur.
663 2970 693 3004 n·
712 2959 736 3000 ι.
1081 2952 1163 3006 Mora
1180 2951 1359 3010 committitur
1369 2971 1474 3026 quoque
1487 2972 1507 3008 o
1518 2959 1671 3025 malon,
1680 2962 1733 3016 sed
1743 2963 1845 3017 rasim.

269 3049 343 3115 Quot
360 3039 450 3094 modis
455 3037 538 3110 fiat?
555 3055 584 3090 n·
603 3047 628 3090 ι.
1117 3053 1147 3088 ιι.
1168 3047 1211 3088 ιι.

268 3124 412 3196 Quomodo
432 3139 510 3178 moro
527 3118 712 3178 contralumr
726 3117 947 3192 interpellatione
957 3120 1035 3194 judi-
1086 3119 1229 3188 Quomodo
1248 3139 1268 3176 a
1284 3120 1417 3176 creditore
1434 3123 1643 3180 committatur?
1659 3143 1687 3180 n.
1708 3139 1751 3182 ιι.

300 3208 387 3264 ciali?
404 3227 433 3262 ιι.
455 3219 497 3264 ιο.
1081 3201 1198 3256 Effectus
1216 3221 1311 3262 morae
1326 3204 1485 3278 potissimus
1501 3217 1543 3264 est
1557 3211 1729 3281 perpetualia
1745 3212 1849 3288 obliga·

269 3293 412 3366 Quomodo
433 3285 659 3362 exteajudioiali?
677 3306 706 3341 ιι.
727 3296 768 3340 ιι.
1117 3287 1211 3344 tionis
1229 3308 1256 3342 n.
1277 3302 1320 3343 ιι.
1413 3335 1420 3345 .

265 3384 313 3434 An
328 3373 546 3450 entraiudioiolis
559 3390 651 3446 quoae
664 3370 693 3426 is
707 3389 786 3426 mora
796 3373 969 3430 constituat?
979 3377 1032 3448 aff.
1087 3373 1162 3442 Quae
1181 3371 1422 3443 adfidejrusorem
1439 3391 1549 3449 quoque
1566 3381 1730 3439 ostenditur.
1748 3401 1776 3438 n.
1799 3395 1841 3438 ιι.

302 3483 329 3518 η,
350 3473 392 3516 ιι.
858 3517 865 3529 ¹
1083 3457 1148 3512 Non
1166 3467 1257 3511 temen
1275 3457 1328 3524 sie,
1348 3467 1379 3512 ut
1396 3458 1514 3530 ejusdem
1527 3461 1725 3536 alligationem
1743 3479 1849 3540 augeae.

268 3550 362 3607 llotio·
382 3565 413 3602 ιι.
434 3560 474 3604 ιι.
1119 3562 1148 3596 ιι.
1168 3552 1211 3598 ιι.

266 3637 315 3689 Aa
331 3633 469 3704 generalis
487 3631 668 3690 denuntiatio
678 3647 728 3702 pro
742 3629 1033 3702 interpellationem?
1088 3627 1169 3699 Quod
1185 3627 1275 3684 laeum
1292 3629 1420 3686 haletin
1434 3646 1516 3686 mora
1534 3631 1664 3688 debitoris
1676 3647 1734 3693 tam
1748 3639 1850 3707 adulti,

302 3716 355 3786 qff·
373 3736 402 3771 n.
425 3725 465 3772 ιι.
1119 3732 1202 3787 quum
1219 3713 1329 3785 pupilli.
1347 3734 1375 3770 ιι.
1405 3726 1449 3768 ιι.

270 3804 364 3858 liutto.
383 3821 411 3856 ιι.
432 3815 473 3855 ιι.
1084 3801 1163 3856 llaec
1180 3799 1723 3879 oera,nisifidejuesorfile1'usseritie
1742 3823 1853 3863 omnem

268 3889 317 3942 An
331 3905 387 3942 uno
400 3885 581 3960 intemellatio
596 3881 970 3958 esttroiudioiulissrffciat?
981 3883 1033 3956 aff.
1121 3901 1245 3940 eausam.
1266 3903 1293 3938 n.
1314 3895 1357 3938 ιι.

306 3989 334 4024 ιι.
357 3983 398 4024 ιι.
1088 3969 1242 4041 Quotupleec
1253 3969 1385 4024 ιιαιιιιιιιιιι
1399 3989 1436 4024 ιι
1448 3989 1527 4027 mora
1540 3973 1733 4028 contractum?
1745 3995 1773 4029 ιι.
1788 3987 1829 4032 ιι.

267 4055 409 4112 Probatur·
424 4053 524 4108 multis
541 4053 654 4126 legibus.
672 4073 702 4109 ιι.
723 4065 764 4107 ιι.
1086 4053 1230 4106 Damnum
1237 4058 1532 4126 extempominteriuts
1541 4059 1750 4114 aestimandum
1764 4079 1793 4115 ιι.
1809 4070 1849 4118 ιι,

266 4139 452 4194 ilatio-alulit.
472 4158 534 4194 cum
553 4156 674 4212 respons.
693 4159 721 4194 ιι.
745 4153 789 4193 ιι.
1085 4136 1228 4192 liaritatio
1246 4137 1290 4211 (ι)
1307 4160 1335 4194 n.
1358 4151 1400 4194 ιι.

267 4223 409 4280 Prolatus
422 4242 505 4296 porro
517 4223 790 4298 percansequentios
800 4223 935 4278 saniores·
947 4243 977 4279 ιι.
993 4235 1033 4279 ιι.
1084 4221 1229 4278 limitatio
1249 4223 1292 4297 (ι)
1308 4243 1339 4278 ιι.
1359 4235 1402 4280 ιι.

266 4311 334 4363 Item
353 4309 516 4365 auctoritate
536 4312 682 4367 JClorum.
700 4329 729 4364 ιι.
752 4319 796 4363 to·
1083 4306 1226 4364 limitatio
1246 4307 1287 4382 (ι)
1305 4327 1333 4362 ιι.
1355 4318 1396 4364 ιι.

265 4394 452 4463 Interpellatio
466 4395 601 4450 existente
610 4395 694 4450 ιιίιιιι
707 4391 866 4450 conditione
876 4393 1033 4466 requiritur·
1086 4394 1136 4448 An
1154 4409 1185 4448 re
1198 4405 1261 4466 post
1278 4413 1385 4452 mamm
1403 4403 1518 4468 perenta
1534 4392 1664 4452 liberetur·
1678 4396 1805 4453 debitor?
1817 4403 1850 4456 Ν.

306 4497 333 4530 ιι.
355 4489 397 4530 ιι.
1124 4497 1154 4532 ιι.
1175 4489 1216 4532 ιι.

268 4562 454 4636 Interpellatio
469 4580 506 4618 on
519 4561 551 4622 in
563 4563 718 4622 eontinenti
727 4565 757 4619 in
771 4579 851 4618 more
863 4560 1035 4618 multisunt?
1084 4564 1175 4622 Casus
1189 4563 1309 4634 panitur.
1330 4585 1358 4620 ιι.
1380 4573 1421 4620 ιι.

307 4667 336 4701 ιι.
356 4659 399 4710 ιι.
1086 4648 1281 4717 Distinguitur.
1300 4668 1328 4703 ιι.
1349 4662 1391 4702 ιο.

273 4731 364 4786 Tacta
382 4733 519 4804 quomodo
529 4733 590 4806 fiat
605 4733 814 4806 interpellatio?
832 4751 862 4788 ιι.
881 4745 923 4788 ιι.
1088 4732 1207 4804 Effictm
1225 4751 1320 4790 morae
1337 4734 1410 4789 cirea
1430 4731 1610 4790 secessiones.
1631 4753 1658 4788 ιι.
1679 4747 1723 4790 ιι.

262 4819 458 4888 Interpellutue
481 4821 617 4890 quomodo
637 4839 656 4874 ιι
676 4837 756 4875 mora
775 4819 984 4877 excusationum
1001 4819 1031 4874 ia
1086 4819 1197 4874 Fructus
1216 4821 1354 4892 quomodo
1370 4829 1433 4893 post
1449 4837 1557 4876 moram
1575 4819 1753 4878 restituendi?
1763 4843 1791 4879 ιι.
1807 4836 1850 4878 ιι.

300 4901 425 4970 personis
443 4903 589 4974 majorum.
608 4921 636 4957 ιι.
657 4911 700 4956 ιι.
1088 4905 1231 4973 Quomodo
1250 4909 1372 4962 usurae?
1389 4926 1418 4960 ιι.
1439 4917 1482 4960 ιι.

266 4985 795 5060 Ειιιιιριιιιίιιιιιιιιιιίιιιιιιιίοιιιιιιιίιι
804 4989 930 5063 personis
942 4989 1031 5063 majo·
1084 4986 1210 5062 Effectus
1227 5005 1322 5044 meme
1339 5011 1358 5044 a
1374 4991 1508 5046 creditore
1527 4993 1696 5050 commissae·
1713 5013 1742 5050 ιι.
1763 5004 1804 5048 ιι.

300 5091 370 5130 rum.
390 5093 418 5128 n.
439 5085 482 5128 ιι.
1082 5073 1231 5132 Conclusio
1250 5076 1348 5149 capitis
1364 5076 1457 5147 prieti.
1476 5097 1503 5132 ιι.
1524 5089 1565 5131 ιι.

267 5163 333 5213 Item
354 5159 383 5212 in
400 5159 525 5232 personis
542 5158 690 5214 minorum
708 5179 737 5214 ιι.
756 5171 800 5215 ιι.

268 5247 402 5300 Auctor-es
432 5245 466 5300 de
490 5245 633 5302 tolismodi
657 5245 881 5304 excusationibus
910 5255 1029 5320 agentes.
1083 5185 1166 5305 Hoc
1183 5251 1272 5322 ipsum
1289 5267 1368 5314 tero,
1387 5257 1527 5318 antequam
1547 5257 1726 5320 praestemus,
1747 5249 1851 5303 incum-
1889 5259 1900 5303 t

300 5350 331 5384 ιι.
352 5341 395 5391 ιι.
1082 5334 1145 5388 bere
1156 5334 1274 5398 ridetur,
1288 5345 1316 5388 ut
1328 5349 1406 5406 pauca
1417 5333 1559 5405 quaedam,
1573 5335 1655 5386 veluti
1669 5353 1716 5404 per
1730 5343 1851 5388 transeu-

268 5419 349 5472 Ποιιι
366 5435 405 5471 ιιι
422 5434 452 5470 re
468 5417 637 5472 deso-ibitur.
656 5435 684 5472 ιι.
704 5427 748 5470 ιι.
1085 5437 1163 5487 nem,
1181 5419 1385 5494 praemittamus
1404 5417 1436 5470 de
1453 5417 1557 5472 MORA
1571 5417 1601 5470 in
1613 5433 1724 5488 genere,
1737 5427 1766 5472 et
1782 5435 1849 5488 quo·

377 5502 482 5576 Strylll
504 5503 564 5558 Vol.
582 5507 606 5558 1.
1486 5511 1517 5556 ιι
