4404 6274
784 531 1121 614 ntsrurarto
1147 535 1414 620 VlGESlMA
1440 539 1648 622 TERTIA

1183 722 1209 777 n
1222 721 1245 776 u

711 875 1151 997 sarno
1268 881 1727 1009 nonan

984 1133 1017 1174 n.
1049 1111 1440 1181 15.mr11.u.ne.m.

1049 1303 1389 1346 ΒΗΗΗΙΜΝΗ

874 1470 1294 1545 cun1sr1auo
1340 1427 1560 1542 cnoss'.

1019 1659 1158 1720 SEDIN.
1191 1657 1411 1717 POMERAN.

969 1871 1469 1914 d*-

988 2139 1441 2214 PROOEMIUM.

424 2369 646 2524 Immensam
669 2454 755 2549 juris
778 2455 884 2526 civilis
909 2457 1166 2552 amplitudinem
1195 2453 1343 2521 fatentur
1370 2476 1503 2525 omnes:
1534 2455 1673 2523 nimiam
1698 2455 1924 2526 Romanarum
1957 2459 2009 2526 le-

425 2566 507 2634 gum
531 2547 661 2640 copiam
685 2561 838 2614 accusant
862 2551 1016 2641 plurimi:
1040 2542 1254 2642 paucioribus
1277 2545 1389 2637 legum
1413 2546 1531 2616 decisis
1554 2545 1682 2614 includi
1706 2547 2009 2640 jurisprudentianr

425 2656 520 2725 posse
543 2654 749 2731 augurantur
773 2641 866 2706 varii.
890 2641 1025 2709 Nemini
1050 2639 1129 2707 inde
1154 2635 1310 2705 satisfecit
1339 2637 1570 2726 lastinianus,
1600 2637 1808 2730 desperatum
1838 2661 1925 2732 opus
1954 2665 2010 2734 ag·

425 2725 608 2817 gradiendo
631 2740 664 2797 et
686 2728 898 2799 absolvendo.
922 2731 963 2798 In
986 2728 1222 2824 compendium
1244 2728 1304 2822 qui
1329 2727 1436 2822 redigi
1459 2752 1551 2836 posse
1573 2729 1884 2821 Jurisprudentiam
1908 2743 2010 2800 autu·

422 2829 530 2899 mant,
556 2819 614 2886 rix
637 2819 756 2901 ullum,
782 2821 848 2888 nisi
872 2823 909 2890 in
933 2824 1065 2892 statutis
1091 2823 1259 2890 variorum
1282 2819 1442 2906 locorum,
1466 2819 1648 2888 inveniunt
1664 2821 1797 2914 asylum.
1815 2819 2011 2890 Saxonibus

422 2918 457 2972 et
472 2908 664 2978 civitatibus
678 2911 762 2992 aliis,
779 2923 944 3008 quotquot
960 2920 1034 3007 jure
1051 2911 1235 2980 Lubeceusi
1255 2921 1411 3018 utuntur,
1427 2911 1508 2978 adeo
1523 2912 1695 2978 statutario
1710 2915 1783 3004 jure
1798 2927 2010 3003 prospectum

422 3023 490 3068 esse
515 3001 680 3096 intrepide
703 3015 872 3086 asserunt,
897 3027 936 3072 ut
954 3031 1032 3164 pure
1055 3005 1205 3072 Romano
1235 3025 1328 3070 omnr
1357 3024 1467 3070 carere
1496 3023 1586 3094 posse
1615 2999 1801 3068 videantur.
1825 2999 1905 3091 Quo
1932 3027 2008 3072 vero

422 3090 475 3158 his
498 3091 547 3159 ire
570 3091 697 3181 datum,
722 3117 761 3159 co
784 3093 931 3186 politiori
964 3099 1034 3164 ruic
1057 3094 1179 3177 seculo,
1196 3094 1309 3161 omnia
1325 3093 1361 3158 io
1377 3093 1458 3162 artis
1473 3089 1707 3198 compendium
1724 3089 1876 3184 redigere
1891 3116 2010 3184 gnaro,

422 3183 501 3274 quis
524 3181 652 3251 aditum
676 3182 931 3277 negaretlQuis
944 3185 1303 3279 compendiosissimam
1324 3185 1397 3250 'ura
1415 3181 1616 3278 reipublicae
1635 3179 1883 3276 praescribendi
1907 3183 2010 3252 ratio·

422 3295 500 3340 nem
524 3273 762 3365 impossibilem
787 3275 856 3340 fore
880 3275 1109 3348 existimaret?
1134 3277 1263 3358 Verum
1286 3209 1408 3342 laboris
1431 3273 1584 3344 nondum
1607 3274 1725 3342 tentati
1742 3270 1873 3340 facilior
1895 3297 2011 3342 eonce-

422 3375 514 3455 ptus‚
539 3387 642 3455 quam
665 3366 822 3431 exantlati
848 3367 969 3436 laboris
992 3366 1196 3440 desideratus
1220 3381 1373 3434 eventus.
1399 3363 1562 3434 Fatemur
1584 3363 1711 3446 faciles,
1740 3363 1916 3430 statutario
1939 3369 2009 3455 jure

422 3453 538 3521 multis
562 3453 815 3524 difficultatibus
838 3462 978 3544 occurri,
1002 3459 1190 3552 multasque
1209 3457 1351 3526 Romani
1368 3456 1452 3548 juris
1467 3456 1620 3548 ambages
1643 3456 1682 3522 in
1704 3477 1776 3522 corn
1823 3453 1940 3522 ndium
1957 3479 2011 3524 re-

420 3543 492 3636 digi
516 3569 625 3637 posse:
649 3571 691 3616 an
716 3566 827 3613 tamen
849 3550 945 3619 ullibi
970 3551 1141 3620 statutaria
1167 3554 1248 3644 jura⁸
1267 3549 1328 3616 hoc
1352 3545 1563 3636 perfectionis
1586 3557 1749 3636 punctum
1773 3475 1903 3612 llreerint
1926 3568 2011 3614 asse·

306 3641 310 3647 '
419 3649 507 3720 cuta,
532 3655 570 3704 ut
592 3639 662 3730 juri
685 3639 836 3708 Romano
859 3643 1018 3712 universo
1041 3639 1222 3734 repudium
1247 3639 1326 3707 dare
1350 3638 1495 3720 licuerit,
1511 3647 1634 3704 eventu
1650 3635 1810 3702 hactenus
1830 3657 2010 3726 nunquam

419 3728 678 3819 comprobatum.
703 3727 826 3797 Facilis
851 3733 896 3800 ita
921 3737 974 3802 via
998 3737 1061 3803 erit
1083 3730 1269 3800 coarctandi
1294 3727 1615 3820 Jurisprudentiam,
1642 3725 1670 3792 si
1696 3737 1806 3791 tamen
1823 3746 1954 3814 semper
1971 3728 2009 3794 in

418 3842 534 3887 casum
557 3820 741 3890 deficientis
764 3825 887 3914 recepti
911 3825 994 3914 juris
1017 3827 1059 3892 ad
1083 3822 1272 3890 Romanum
1298 3825 1362 3912 jus,
1385 3815 1478 3910 quod
1502 3817 1599 3912 quasi
1614 3817 1768 3909 gentium
1791 3812 1889 3881 hodie
1915 3814 2010 3882 vide-

419 3921 476 3976 tur
498 3935 578 3998 esse,
602 3913 701 3982 detur
724 3935 885 3998 recursus,
910 3917 970 4008 qui
995 3916 1166 3984 Saxonum
1190 3933 1223 3981 et
1246 3911 1495 3980 Lubecensium
1519 3910 1593 3999 jure
1616 3907 1753 3973 omnino
1778 3923 1879 3996 patet.
1898 3903 2009 3999 Atqui

418 4023 498 4069 vero
521 4002 568 4068 ita
592 4005 677 4096 juris
699 4005 842 4073 Romani
866 4007 1010 4097 cognitio
1032 4005 1171 4074 omnino
1194 4006 1280 4071 scitu
1305 4000 1485 4070 necessaria
1511 3995 1671 4085 manebit,
1696 3996 1751 4063 illa
1777 3993 1917 4089 quidem
1938 4021 2010 4064 am·

419 4091 610 4182 plitudine,
635 4115 733 4186 prout
757 4093 852 4161 nobis
877 4098 1063 4165 exhibetur.
1087 4096 1176 4162 Utut
1200 4108 1310 4162 autent
1335 4115 1453 4184 magua
1477 4090 1531 4169 sit,
1557 4107 1756 4155 nontamen
1781 4098 1872 4152 tauta
1898 4085 2007 4179 logum

418 4183 569 4252 civilium
594 4186 774 4254 multitudo
797 4197 868 4268 est,
892 4212 980 4280 quae
1004 4188 1162 4256 omnibus
1185 4187 1324 4252 omnino
1347 4182 1476 4250 casibus
1503 4177 1695 4248 decidendis
1723 4175 1878 4248 sufficiat:
1904 4179 2009 4246 multa

419 4275 630 4367 recipiuntur
653 4301 728 4360 usu,
752 4279 912 4344 haetenus
938 4282 1095 4372 ignorata.
1121 4277 1226 4342 lllulta
1253 4301 1313 4343 usu
1338 4271 1552 4351 deciduntur,
1577 4269 1734 4336 hactenus
1756 4267 1874 4336 dubia.
1893 4265 2009 4359 Stylus

419 4364 546 4434 Curiae
568 4369 721 4462 exemplo
742 4371 807 4436 erit
830 4367 1129 4437 obtrudantissimo.
1155 4369 1267 4458 Quam
1294 4366 1408 4447 multa,
1433 4364 1500 4428 imo
1525 4383 1611 4454 pene
1641 4359 1813 4426 innumera
1839 4355 1893 4420 bie
1918 4381 2009 4425 rece·

419 4458 527 4548 perit,
551 4461 819 4554 mutaveritque,
846 4484 897 4526 res
922 4465 991 4552 ipsa
1019 4462 1180 4551 loquitur.
1212 4460 1295 4525 lude
1326 4459 1471 4538 factum,
1497 4452 1620 4542 utqui
1644 4450 1737 4539 praxi
1761 4447 1882 4525 litant,
1908 4444 2008 4516 hodie

419 4548 565 4638 primum
589 4549 722 4618 solliciti
746 4575 812 4620 esse
837 4565 1026 4632 teneantur,
1051 4551 1137 4642 quid
1162 4550 1238 4643 styli
1263 4552 1317 4630 sit,
1342 4559 1425 4638 post,
1450 4541 1535 4636 quid
1560 4563 1620 4632 per
1644 4551 1765 4606 statuta
1789 4537 1939 4602 locorum
1955 4563 2007 4605 re·

416 4650 562 4730 ceptum,
585 4638 737 4726 demum,
758 4639 843 4736 quaid
868 4641 918 4709 his
941 4642 1177 4710 deficientibus
1203 4647 1275 4734 jure
1299 4637 1468 4706 communi
1493 4633 1670 4701 sancitum·
1688 4630 1809 4698 Omnia
1837 4625 1917 4692 llaec
1941 4627 2005 4695 sibl

416 4731 587 4824 jungenda
611 4731 768 4801 invicem.
786 4731 941 4800 atterum
957 4734 984 4800 si
1002 4733 1170 4820 defecerit,
1195 4731 1323 4799 infelici
1347 4727 1514 4796 decisione
1531 4722 1604 4790 lites
1620 4723 1804 4810 sopientur.
1820 4715 1909 4785 Cum
1927 4739 2006 4809 ergo

416 4825 523 4916 prima
546 4821 720 4892 decuriae
742 4825 824 4918 stylo
848 4825 1064 4914 practicorum
1080 4847 1157 4891 cura
1177 4823 1230 4906 sit,
1246 4823 1375 4926 quibus
1399 4813 1552 4884 terminis
1576 4812 1874 4914 circumscribatur
1890 4806 2005 4896 stylus,

414 4914 633 5010 inquisivisse
657 4916 877 4984 necessarium
904 4914 1100 4984 existimavi.
1116 4914 1325 4983 Exercitrum
1341 4909 1431 4976 enim
1452 4904 1679 4976 academicum
1692 4903 1771 4972 dum
1791 4898 1874 4966 miln
1902 4896 2007 4964 eden-

413 5008 492 5076 dum
518 5006 604 5091 luit,
627 5007 713 5074 hane
736 5007 948 5100 potissimum
976 5005 1148 5074 materiam
1179 5001 1381 5096 seligendam
1411 4994 1553 5090 putavi,
1578 4994 1676 5062 utin
1701 5019 1736 5062 ea
1762 4989 1845 5087 quid
1871 4985 2008 5055 valeant

414 5097 547 5168 lrunreri
570 5099 738 5188 explorare
764 5097 918 5166 valerem.
944 5096 1072 5165 Praxiu
1096 5095 1235 5190 quidem
1260 5116 1383 5160 meram
1408 5087 1515 5181 stylus
1538 5085 1651 5154 curiae
1675 5085 1790 5154 ubivis
1807 5078 1941 5186 redolet,
1970 5097 2008 5185 ”l

416 5191 506 5272 hinc,
529 5191 620 5282 quod
643 5189 766 5258 celebri
790 5189 965 5281 quondam
990 5189 1079 5256 inter
1103 5188 1217 5256 Gallos
1240 5183 1329 5254 tero
1353 5177 1497 5250 Rebuffo
1526 5177 1763 5269 exprobratum
1794 5173 1879 5254 furt,
1907 5191 2007 5261 quasa

416 5279 458 5344 de
480 5284 564 5374 stylo
586 5281 696 5350 euriae
719 5279 888 5348 Romanae
912 5277 1018 5346 literis
1041 5277 1202 5372 quaedam
1227 5275 1316 5344 consi
1343 5271 1485 5354 navarit,
1507 5292 1582 5336 cum
1608 5278 1718 5336 tamen
1743 5285 1920 5356 uunquam
1937 5261 2007 5328 no-

419 5395 491 5438 mae
515 5371 634 5460 suscita
658 5371 741 5440 mihi
766 5395 904 5467 quoque
928 5369 1053 5464 opponi
1078 5369 1189 5461 possit,
1214 5367 1307 5462 quod
1361 5361 1456 5434 raxin
1482 5377 1514 5428 et
1536 5357 1600 5428 fori
1624 5357 1803 5452 strepitum
1826 5375 2006 5447 nunquam
