4424 6340
297 545 329 597 ap
727 522 775 576 DE
795 517 1017 577 rnttsctttnt.
1035 515 1305 576 connexuisse.
1705 523 1740 576 28

227 619 501 695 bicqooadprimum
518 619 660 676 terminum
679 636 754 672 suam
772 627 927 672 consecutus
940 623 998 670 erat
1046 616 1078 668 ln
1096 615 1175 684 hujus
1193 615 1266 668 enim
1284 617 1371 670 locum
1390 627 1492 672 tantum
1510 621 1605 674 lucrari
1619 623 1696 678 debet
1710 643 1741 678 ex
1757 623 1812 676 lru·
1862 682 1868 694 ,

226 709 405 774 firmitatem,
425 707 527 761 seilicet
545 705 673 758 dimidiae
692 705 776 776 partis
794 702 876 773 pretii
895 703 998 754 exsolu-
1048 699 1152 764 ctibus,
1170 711 1298 769 quantum
1325 719 1357 754 ex
1376 703 1463 774 pretio
1490 717 1577 758 manet
1595 708 1662 778 apud
1682 708 1809 762 vendito

228 797 315 856 tiones
335 811 397 862 ergo
416 809 463 863 per
480 790 654 843 omissionem
674 785 814 842 solutionis
833 785 862 836 io
882 783 998 838 terminu
1046 801 1115 847 rem,
1130 781 1156 834 d.
1170 785 1202 835 l.
1217 794 1240 834 1.
1255 781 1280 856 5.
1297 797 1318 838 1.
1333 785 1408 840 Bald.
1421 789 1459 840 ad
1470 787 1673 861 djat'r'sursdus.
1685 791 1726 844 Ad
1744 791 1811 846 hane
1830 806 1842 845 t

231 877 350 934 secundo
363 895 416 930 nun
431 875 542 929 debebat
556 869 698 926 infirmari·
712 873 769 924 Hoc
785 879 872 921 tamen
886 885 940 922 uon
954 866 998 920 ob
1045 868 1130 938 pretii
1148 879 1251 938 partem
1269 879 1357 922 autem
1371 887 1425 924 non
1438 869 1576 927 referenda
1597 875 1734 942 stant,
1748 895 1807 947 quse

229 971 332 1027 stante,
351 972 471 1033 potarem
491 958 648 1022 dicandum,
664 963 769 1028 pa'ctum
788 952 955 1009 rescissionis
969 952 998 1002 in
1045 951 1080 1004 ob
1100 952 1152 1004 hoc
1174 953 1309 1025 plerurnq;
1329 953 1419 1020 datur,
1444 973 1478 1008 ne
1504 961 1519 1008 t
1543 957 1685 1012 Contracta
1711 969 1810 1015 temere

228 1049 319 1120 primo
339 1046 453 1098 termino
472 1041 656 1096 tautummodo
680 1039 810 1109 adjectum
836 1037 938 1091 esseio
959 1036 998 1087 la·
1045 1037 1265 1100 recedatur-,nisi
1284 1040 1325 1091 rel
1342 1039 1522 1110 Emptoream
1535 1041 1669 1108 amittere,
1684 1044 1724 1096 vel
1738 1049 1810 1100 Von-

227 1151 317 1188 rorem
330 1128 496 1192 venditoris,
509 1136 540 1180 ut
551 1127 590 1177 ita
602 1125 660 1196 ipse
673 1122 836 1177 seourior’de
848 1130 997 1192 opportuna
1046 1119 1117 1172 ditor
1135 1119 1293 1192 duplicatam
1318 1123 1460 1176 restituere
1483 1126 1607 1178 maluerit
1629 1143 1671 1197 pr.
1690 1130 1757 1180 last.
1775 1129 1808 1181 dr

228 1217 329 1291 prioris
347 1211 459 1267 termini
486 1212 620 1264 solutione
637 1209 688 1272 sit,
707 1209 822 1278 adeoque
841 1223 888 1259 nec
906 1223 936 1258 eo
954 1206 997 1257 in·
1047 1203 1139 1271 Empe.
1158 1216 1185 1258 ct
1208 1203 1293 1259 1ἴόιιι1.
1312 1207 1344 1257 t.
1372 1208 1544 1262 Contractus
1578 1221 1619 1262 11.
1650 1212 1679 1263 C.
1699 1211 1732 1264 de
1748 1211 1812 1264 Fid.

230 1302 288 1354 sito
306 1299 447 1369 quiequam
466 1297 584 1368 operari,
599 1311 658 1348 cum
678 1303 705 1346 et
722 1294 786 1348 alias
803 1292 917 1361 cujusvis
934 1290 997 1342 reli·
1045 1289 1126 1338 lustr.
1153 1287 1266 1360 Ideoque
1291 1290 1337 1342 ille
1355 1291 1435 1343 etiam
1461 1291 1512 1346 boc
1536 1292 1565 1344 iu
1584 1311 1644 1346 casu
1662 1297 1807 1360 amittitur,

231 1395 303 1436 ctum
322 1382 436 1434 arbitrio
455 1381 602 1446 sit,larori
616 1397 654 1430 ac·
664 1375 794 1431 beneficio
807 1395 857 1448 pro
870 1393 898 1428 se
909 1375 992 1426 intro·
1045 1370 1113 1438 quod
1132 1370 1267 1425 interdum
1291 1374 1451 1428 noroinatim
1477 1377 1594 1446 exprimi
1621 1379 1688 1432 solet
1709 1381 1738 1432 1.
1747 1379 1807 1452 fin.

233 1467 313 1520 ducto
331 1467 488 1519 renunciare
510 1467 542 1518 1.
562 1474 586 1514 1.
605 1461 629 1534 5.
651 1473 675 1513 1.
683 1459 724 1531 Ι
744 1461 776 1515 si
799 1461 859 1532 puis·
875 1459 996 1512 caution-
1034 1451 1076 1523 Ι
1090 1454 1123 1510 de
1141 1457 1203 1524 leg.
1225 1457 1438 1512 commississe
1456 1459 1494 1514 sio
1508 1461 1537 1512 in
1557 1462 1742 1532 computandis
1753 1462 1809 1518 lm·

233 1553 266 1604 L.
287 1560 330 1602 ts.
350 1551 384 1601 L.
404 1557 446 1599 tt.
466 1549 492 1600 in
504 1546 564 1618 fin:
573 1545 614 1613 Ι
634 1545 667 1598 de
683 1549 763 1599 Poct.
776 1547 809 1598 L.
824 1556 865 1595 ts.
888 1545 917 1596 C.
937 1543 995 1594 eod.
1044 1539 1130 1592 eribus
1154 1541 1240 1594 locum
1265 1543 1342 1596 habet
1368 1545 1402 1595 L·
1429 1557 1452 1596 t.
1468 1563 1509 1615 pr.
1522 1542 1564 1614 Ι
1590 1547 1672 1600 del.
1695 1547 1809 1602 Comiss.

233 1635 269 1688 h.
287 1643 329 1683 11.
339 1629 380 1702 Ι.
399 1630 432 1684 de
450 1631 553 1684 Minor.
567 1631 606 1682 Ex
624 1639 680 1683 toto
699 1629 798 1699 itaque,
812 1645 864 1680 non
877 1643 910 1681 ex
924 1639 998 1697 parte
1046 1623 1126 1691 Cujus
1149 1626 1249 1680 intuitu
1274 1626 1347 1679 idem
1367 1625 1436 1680 torte
1454 1627 1489 1680 ob
1508 1629 1679 1683 identitatem
1697 1633 1810 1687 rationis

232 1717 356 1772 venditio
375 1713 557 1770 rescindenda.
1046 1706 1204 1772 dicendum,
1219 1709 1241 1761 si
1254 1709 1365 1780 Emptor
1383 1713 1452 1778 justo
1467 1723 1584 1783 tempore
1595 1716 1709 1785 pretium
1728 1717 1811 1770 solre-
1873 1731 1879 1736 ·

200 1811 212 1852 1
286 1800 418 1854 Ceterum
442 1797 584 1869 Temporis
609 1795 819 1860 determinatio,
846 1790 886 1845 uti
911 1791 940 1845 id
965 1793 998 1847 de
1047 1791 1098 1855 rit,
1118 1801 1145 1843 et
1171 1792 1209 1844 ito
1235 1795 1420 1849 rescissionem
1444 1806 1593 1850 contractus
1612 1800 1766 1866 evitaverit,
1786 1803 1810 1854 si

238 1881 441 1936 conventionali
463 1881 669 1951 Praescriptione
683 1882 712 1934 in
725 1897 820 1948 penore
831 1879 999 1944 asseruimus,
1047 1874 1213 1944 postmodum
1228 1877 1361 1931 venditor
1373 1880 1452 1932 rellet
1470 1880 1591 1944 resilire,
1605 1883 1675 1951 quod
1690 1891 1810 1938 teneatur

233 1967 272 2020 ita
284 1983 386 2036 quoque
400 1965 466 2034 Lege
479 1963 670 2018 Commissuria
683 1961 797 2015 arbitrio
810 1962 999 2034 paciscentium
1048 1956 1207 2027 duplicatam
1220 1961 1324 2012 urrbam
1339 1963 1480 2016 restituere
1498 1979 1546 2034 per
1564 1963 1591 2014 d.
1606 1981 1647 2034 pr.
1661 1969 1728 2019 Inst.
1749 1979 1775 2019 et
1785 1970 1809 2020 d.

234 2051 418 2112 submittitur,
436 2049 483 2120 qui
504 2049 649 2101 terminum
676 2045 820 2099 solutionis
837 2047 879 2099 rel
896 2045 1000 2098 brevio·
1048 2040 1082 2091 l·
1104 2043 1276 2096 Contractus.
1295 2047 1353 2099 Hoc
1380 2054 1467 2098 tamen
1484 2047 1506 2099 si
1525 2045 1591 2099 relit
1606 2047 1734 2120 Emptor,
1751 2069 1812 2121 quo

233 2149 291 2188 rem
310 2135 349 2189 rel
368 2133 517 2202 longiorem
543 2131 595 2185 sibi
614 2127 752 2203 praefigere
778 2137 897 2200 possum.
916 2127 946 2178 E.
964 2128 999 2180 G.
1047 2125 1121 2177 niam
1139 2125 1295 2182 Contractus
1313 2128 1466 2200 Emptioois
1483 2139 1510 2182 et
1521 2131 1686 2184 venditionis
1710 2135 1763 2200 jam
1783 2153 1811 2186 o·

233 2217 292 2270 uisi
310 2218 428 2288 pretium
446 2232 548 2280 annua,
562 2215 648 2278 bima,
665 2213 744 2268 trima
757 2213 801 2266 die
814 2213 943 2277 solvatur,
956 2229 1000 2264 res
1048 2207 1155 2262 mnibus
1173 2211 1291 2264 numeris
1309 2211 1453 2277 absolutus,
1471 2222 1503 2266 ut
1519 2213 1558 2265 ita
1570 2215 1639 2266 alter
1655 2217 1813 2268 contraben-

236 2302 274 2354 sit
287 2301 406 2370 inempta
419 2302 451 2352 L.
471 2297 527 2352 ded
546 2299 640 2352 Celsus
654 2295 714 2368 ms.
730 2293 848 2365 1.Ι11ι
870 2297 1000 2350 Contrals.
1047 2291 1130 2356 tium,
1143 2294 1226 2346 altero
1238 2294 1336 2358 inrito,
1348 2296 1471 2350 recedere
1489 2296 1626 2352 abeodem
1644 2315 1697 2350 nou
1718 2301 1814 2369 possit.

134 2399 148 2423 ι
235 2382 370 2455 Empc.id
384 2391 439 2446 est,
453 2381 506 2433 nisi
520 2381 639 2453 pretium
651 2380 999 2451 solmturtemporeunius,
1048 2375 1081 2426 L·
1097 2374 1175 2430 sicut.
1197 2389 1220 2428 t.
1243 2379 1273 2431 C.
1292 2381 1325 2432 de
1351 2381 1382 2432 0.
1400 2392 1428 2433 ec
1445 2383 1468 2433 1.
1487 2381 1520 2432 t.
1540 2393 1565 2433 e.
1587 2382 1617 2434 C.
1638 2381 1672 2434 de
1689 2383 1813 2436 Rescind.

236 2467 363 2532 duorum,
383 2467 464 2518 trium
491 2481 637 2528 annorum,
656 2481 698 2517 res
711 2463 749 2516 sit
762 2463 895 2534 inempta3
916 2462 1000 2516 Adeo·
1053 2458 1139 2513 Vend.
1163 2461 1239 2530 nibil
1262 2461 1386 2529 iaciente,
1405 2463 1474 2534 qtrocl
1497 2463 1589 2516 arrhas
1607 2464 1731 2518 amittere
1748 2467 1816 2518 alter

289 2552 367 2604 eboc
383 2566 443 2603 casu
463 2557 516 2602 tres
532 2547 672 2601 solutionis
690 2547 815 2601 ridentur
832 2563 889 2602 esse
906 2544 1000 2598 statuti
1049 2543 1086 2597 sit
1102 2554 1222 2614 puratos,
1240 2546 1303 2616 quia
1320 2547 1419 2604 additae
1436 2547 1491 2602 itte
1509 2547 1539 2600 in
1558 2557 1706 2601 contractus
1724 2547 1817 2602 contir-

236 2633 363 2697 termiui,
377 2633 510 2703 utqnoris
528 2649 620 2686 eorum
638 2649 709 2701 aequa
720 2631 811 2702 portio
822 2629 998 2694 numeranda,
1048 2627 1208 2694 mationem,
1227 2639 1254 2682 et
1272 2631 1310 2682 sic
1328 2647 1381 2684 nou
1400 2631 1498 2685 debent
1514 2631 1621 2702 operari
1640 2633 1695 2701 ejus
1713 2631 1817 2686 destru-

236 2720 267 2771 l.
286 2717 319 2772 st·
334 2717 453 2786 legatum
473 2730 497 2768 a.
506 2734 547 2783 pr.
551 2712 593 2784 Ι
607 2715 641 2768 de
656 2715 771 2769 Λιιιιιιίι
788 2717 872 2788 leget.
882 2715 917 2767 Et
929 2715 959 2767 iu
969 2731 1000 2766 eo
1048 2713 1173 2765 ctionem.
1187 2713 1298 2768 Hem-ic·
1313 2717 1380 2770 zoes
1396 2714 1436 2770 od
1445 2715 1471 2768 d.
1481 2712 1523 2784 Ι
1533 2714 1566 2770 de
1581 2715 1712 2770 Controls.
1727 2717 1816 2784 Empe.

236 2801 288 2854 boc
311 2810 419 2872 paetum
445 2798 551 2852 differat
572 2799 606 2853 ab
624 2800 686 2866 illo,
704 2798 774 2870 quod
797 2803 827 2853 in
853 2801 999 2854 amma.
1051 2814 1078 2848 n·
1098 2808 1140 2847 ³⁷·
1159 2797 1211 2849 Du·
1230 2799 1320 2852 flabo.
1345 2800 1385 2853 od
1414 2800 1534 2854 tt‘isebl.
1559 2799 1585 2850 d.
1610 2799 1816 2851 111.ιι.1.Ι)ιι.

241 2897 407 2954 expressum.
425 2883 561 2936 Nimirum
576 2882 605 2934 in
620 2899 680 2936 casu
693 2882 771 2953 hujus
783 2882 859 2953 Legis
878 2883 901 2936 ai
916 2885 1002 2954 primu
1050 2878 1178 2932 Ludwell.
1201 2883 1306 2936 Ccmm.
1325 2883 1364 2934 ad
1378 2899 1421 2952 pr.
1441 2888 1509 2938 lost.
1524 2884 1556 2937 de
1575 2885 1659 2950 Ernpt
1683 2893 1711 2935 et
1732 2883 1817 2935 Vend.

239 2977 341 3021 tantum
361 2969 477 3020 termino
496 2985 549 3021 oon
563 2965 686 3032 solverit,
705 2983 747 3020 res
765 2977 807 3021 est
825 2969 951 3040 inempta.
971 2969 1002 3020 ln
1051 2981 1079 3014 n·
1100 2975 1124 3014 ⁵·
1144 2966 1202 3016 Hoc
1221 2975 1308 3019 tamen
1328 2967 1357 3018 in
1381 2969 1482 3020 nostris
1500 2967 1603 3032 arrhis,
1623 2983 1686 3036 quas
1705 2966 1819 3020 Germa-

238 3068 301 3104 ωῃ
317 3061 404 3104 811le
425 3051 451 3104 d,
466 3054 498 3103 L,
511 3050 568 3105 Sd
588 3053 683 3105 Celsus
700 3049 824 3105 venditor
837 3059 941 3105 tenetur·
960 3069 1003 3105 ex.
1050 3045 1110 3098 llloe
1127 3064 1248 3100 vocemus
1261 3047 1416 3119 Benkallff,
1431 3051 1475 3104 Vll
1486 3050 1591 3103 videtur
1605 3049 1757 3121 procedere,
1770 3067 1823 3119 per

237 3145 355 3205 spectare
371 3135 496 3188 ultimum
518 3133 678 3198 terminum,
698 3135 736 3188 ita
756 3134 882 3204 quidem,
900 3135 1005 3191 utlicet
1051 3129 1153 3184 1111111111
1172 3130 1206 3184 ab
1227 3133 1334 3185 Excell·
1353 3133 1406 3185 Dn·
1421 3134 1454 3184 D·
1469 3133 1615 3187 Bruttnem·
1632 3135 1736 3187 Comm·
1752 3135 1818 3186 Cttd.

236 3219 266 3270 in
285 3218 420 3289 prioribus
446 3218 569 3272 terminis
593 3235 648 3274 uon
668 3219 778 3273 solverit
803 3223 959 3290 pensiones,
979 3222 1004 3273 si
1052 3212 1090 3264 ad
1100 3217 1132 3267 h·
1149 3216 1313 3269 Conlrttclttt
1332 3216 1364 3270 de
1381 3217 1444 3270 Fid·
1460 3220 1637 3272 Instrumenl.
1649 3221 1706 3272 Du.
1726 3219 1819 3271 Darid.

240 3313 328 3354 tamen
347 3312 410 3354 ante
427 3303 530 3372 lapsum
549 3303 639 3355 ultimi
660 3311 745 3356 totum
762 3301 859 3355 offerat
874 3305 1003 3372 pretium,
1051 3298 1141 3350 Metio
1162 3301 1267 3352 Comm·
1286 3301 1324 3353 ad
1342 3300 1396 3354 Jus
1422 3301 1520 3355 luteo.
1538 3303 1584 3356 lib·
1605 3318 1629 3357 s·
1646 3303 1686 3355 cir.
1709 3315 1734 3354 t·
1755 3307 1821 3354 Art.

238 3403 293 3438 nou
311 3385 479 3438 rescindatur
492 3396 642 3441 mutractus
657 3389 687 3439 t.
702 3386 734 3440 Si
750 3387 920 3440 necessarios
938 3399 963 3440 s.
981 3385 1097 3459 511·
1117 3401 1145 3433 n·
1168 3394 1207 3435 ts.

243 3465 316 3536 ΙΙ.
336 3467 369 3523 de
387 3469 535 3538 Pigrtoml.
550 3481 603 3524 Act.
623 3472 656 3522 L.
669 3469 735 3540 Seja
759 3481 799 3522 11.
807 3467 849 3539 ff
868 3474 901 3525 de
923 3477 1003 3528 Usar.
1089 3465 1141 3518 Setl
1158 3466 1224 3534 qttld
1242 3467 1277 3519 tle
1300 3467 1492 3536 PERICULO,
1517 3487 1550 3522 en
1569 3469 1617 3523 hoe
1635 3469 1769 3542 Etnplorls
1788 3487 1820 3521 an
1841 3483 1854 3522 s

243 3552 384 3609 Rationem
405 3553 570 3606 diversitatis
595 3554 747 3624 suppeditat
769 3555 930 3626 Pomponius
948 3557 1006 3628 ipse
1055 3548 1234 3602 Venditoris?
1251 3553 1288 3603 Ut
1301 3553 1322 3603 si
1343 3553 1457 3606 forsitan
1472 3555 1543 3608 iutra
1558 3555 1699 3608 terminum
1719 3556 1823 3625 praesti·

244 3635 273 3687 in
293 3636 318 3689 d.
339 3639 371 3688 L.
391 3647 415 3688 s.
435 3633 460 3707 5.
479 3649 504 3688 s.
522 3635 593 3704 inss
612 3647 639 3689 et
656 3635 695 3690 ihi
711 3636 785 3690 Bald.
813 3638 949 3692 Interdum
968 3649 1004 3694 ιι.
1055 3632 1824 3709 totumrcuditaresincendioconsumpta,velaliocosn

241 3736 303 3772 men
324 3721 452 3791 temporis
471 3705 662 3773 determinitio
683 3721 711 3772 in
732 3721 798 3791 lege
816 3723 1006 3777 Commissoria
1054 3716 1180 3786 perlrllt
1199 3717 1233 3768 fd
1258 3719 1366 3770 tidelm·
1390 3719 1544 3786 dicendum.
1562 3721 1687 3791 quonism
1706 3721 1823 3792 perlecta

243 3803 311 3856 solet
328 3803 436 3868 omitti,
455 3803 681 3874 Exemplumtest
699 3805 729 3857 in
745 3808 777 3858 L.
799 3817 822 3857 2.
831 3803 874 3873 Ι.
893 3806 927 3858 de
943 3809 1006 3876 leg,
1055 3799 1173 3852 venditio
1192 3798 1259 3864 fuir,
1273 3801 1338 3854 illud
1351 3803 1383 3855 ad
1397 3805 1549 3876 Emptorem
1564 3806 1713 3878 pertinere,
1732 3825 1779 3878 per
1792 3811 1823 3860 L.

138 3933 141 3940 .
246 3886 361 3940 Combe.
382 3887 412 3940 Si
429 3888 463 3941 ad
482 3887 554 3941 idem
572 3888 656 3940 soluta
674 3891 785 3958 pecunia
802 3907 857 3942 non
877 3889 928 3954 sit,
945 3889 1007 3942 iuu-
1057 3884 1216 3938 Neccttart'o
1244 3896 1269 3936 8·
1284 3883 1383 3955 pcrffi
1402 3888 1434 3940 de
1459 3889 1551 3943 Peric-
1578 3899 1605 3940 ει
1626 3889 1768 3942 Commod.
1788 3893 1829 3943 rei

244 3969 294 4022 dos
312 3970 446 4040 inemptos
464 3971 510 4022 sit.
533 3971 585 4024 Sed
599 3971 637 4022 ita
650 3973 690 4022 rel
716 3972 763 4024 hoc
782 3971 1007 4041 subintelligitur,
1056 3969 1138 4020 vend·
1158 3967 1261 4020 Poterit
1286 3987 1347 4040 ergo
1373 3971 1503 4024 venditor
1526 3972 1630 4026 actione
1648 3973 1750 4026 venditi
1768 3993 1828 4046 pre-

245 4053 278 4104 ad
297 4051 368 4106 diem
388 4063 652 4126 conventum,quem
666 4055 849 4108 consentionis
865 4058 1009 4110 terminum
1058 4051 1125 4104 tium
1143 4052 1181 4104 rei
1200 4051 1314 4107 uenditae
1327 4063 1433 4125 petere,
1448 4055 1545 4108 frustra
1558 4054 1685 4127 Emptore
1698 4061 1830 4128 exceptio·

245 4153 298 4188 uon
321 4137 454 4206 expressit
473 4137 574 4202 scrut,
601 4140 640 4192 rel
666 4139 700 4192 de
725 4156 756 4192 eo
781 4157 811 4192 es
833 4138 954 4194 adductis
979 4142 1010 4193 in
1057 4151 1119 4188 uem
1138 4138 1569 4210 opponente,quodpropternon
1583 4141 1697 4193 solutum
1711 4141 1828 4213 pretium

246 4219 371 4290 praeced.
385 4238 443 4288 cop.
461 4238 487 4272 ιι.
510 4231 551 4273 tr.
569 4221 680 4276 serenda
698 4225 830 4276 sententia
849 4234 891 4277 est
1060 4229 1087 4272 et
1103 4220 1240 4290 impletam
1255 4221 1297 4282 ita
1318 4222 1558 4294 Praescriptionem
1577 4221 1828 4291 Courentionslem,

211 4317 224 4356 s
297 4303 380 4374 lapso
399 4304 488 4372 itaque
502 4304 616 4358 termino
630 4308 688 4378 ipso
702 4308 757 4376 jure
776 4307 939 4361 rescinditur
951 4323 1012 4360 con·
1061 4304 1158 4356 recissa
1165 4303 1274 4373 Emptio
1286 4305 1332 4369 sit,
1344 4305 1455 4374 ideoque
1469 4324 1575 4361 rererso
1588 4305 1708 4360 dominio
1720 4309 1753 4360 sd
1765 4327 1828 4362 aen-

248 4397 365 4453 taactus,
384 4396 414 4439 ut
436 4387 556 4459 superins
583 4388 635 4441 luit
660 4391 786 4446 evictum.
811 4390 883 4461 Quid
903 4407 965 4459 ergo
983 4393 1011 4444 in
1061 4385 1191 4450 ditorem,
1205 4390 1325 4440 eumdem
1340 4398 1367 4442 et
1383 4389 1529 4461 periculum
1549 4390 1622 4460 sequi
1640 4389 1745 4442 debere
1762 4393 1830 4443 Con-

251 4469 382 4524 t'ructibus
401 4470 511 4522 interim
530 4466 663 4541 perdeptis
683 4476 749 4544 juris
762 4476 814 4537 sit,
826 4475 859 4526 ad
876 4493 955 4546 quem
968 4475 1011 4528 illi
1063 4479 1103 4521 tra
1122 4471 1189 4522 banc
1202 4471 1275 4524 enirn
1288 4471 1480 4542 Exceptionem
1493 4469 1624 4526 venditor
1638 4472 1789 4542 replicando
1803 4489 1832 4524 se

248 4553 411 4624 pertineant,
425 4554 649 4608 hicnotabo't'lit
663 4559 769 4625 quidem
784 4569 1013 4629 constatexproe-
1056 4565 1151 4625 posset
1170 4555 1240 4609 tueri
1259 4553 1328 4624 qraod
1354 4566 1417 4607 tunc
1435 4555 1601 4608 rescindatur
1622 4563 1788 4620 contractus,
1807 4557 1831 4608 si

247 4639 302 4690 ced.
324 4655 386 4708 cop.
409 4653 503 4708 puram
529 4655 587 4692 esso
609 4641 738 4707 ejusmodi
763 4642 957 4708 uenditionem,
984 4653 1014 4696 ut
1063 4637 1195 4692 Venditor
1209 4637 1240 4690 id
1259 4639 1340 4702 velit,
1359 4639 1402 4691 cui
1419 4639 1467 4690 liac
1485 4639 1514 4692 in
1532 4648 1608 4710 parte
1620 4638 1832 4712 electiocompe·

245 4723 305 4774 ideo
322 4719 423 4774 fractus
441 4722 474 4774 ad
488 4723 642 4794 Emptorem
656 4725 789 4795 pertinere
808 4725 955 4782 rideantur.
969 4727 1011 4780 ln·
1064 4723 1106 4774 tit.
1128 4724 1158 4775 1.
1179 4735 1202 4775 s.
1212 4718 1253 4790 Ι
1273 4722 1305 4775 de
1322 4725 1387 4793 lep.
1409 4721 1551 4777 Commiss.
1578 4723 1636 4778 lmo
1653 4723 1718 4778 alias
1737 4725 1766 4776 in
1787 4743 1834 4797 po.

245 4807 325 4858 terim
352 4814 457 4870 taruco,
484 4809 608 4877 quonism
643 4807 816 4874 rescinditur,
842 4821 1007 4876 contractus,
1063 4814 1158 4858 testate
1182 4804 1317 4875 Emptoris
1344 4815 1428 4872 esset,
1448 4816 1478 4860 ut
1501 4823 1555 4860 noa
1574 4805 1661 4860 dando
1678 4808 1831 4879 pecuniam,

245 4889 320 4959 quasi
339 4907 389 4942 uec
409 4889 497 4943 initus
516 4899 597 4954 esset,
611 4893 704 4962 utique
722 4892 823 4944 tructus
841 4910 943 4962 quoque
961 4911 1013 4945 una
1062 4890 1213 4960 inemptum
1225 4887 1322 4944 laceret
1333 4889 1456 4954 fundum,
1469 4891 1515 4960 qui
1529 4891 1586 4960 ejus
1597 4891 1715 4962 periculo
1728 4889 1832 4956 luisset,

176 4981 180 4994 ’
245 4991 304 5026 cum
323 4973 406 5026 tundo
424 4974 551 5027 redibunt
577 4975 611 5028 ad
629 4975 774 5045 pristinum
793 4975 941 5029 dominumu
962 4977 1013 5028 Re·
1062 4974 1102 5026 uti
1117 4974 1233 5044 loquitur
1247 4974 1408 5045 Pomponius
1421 4975 1451 5028 in
1463 4977 1497 5027 l.
1512 4983 1534 5024 1.
1538 4971 1580 5043 Ι
1593 4975 1624 5028 de
1637 4975 1670 5026 l.
1688 4975 1830 5027 Commisr.

246 5057 328 5110 scisso
347 5057 420 5111 enim
440 5066 578 5112 contractu
596 5061 626 5110 in
644 5077 674 5112 re
694 5058 848 5130 principali,
865 5077 921 5112 non
938 5069 1013 5113 tene·
1063 5068 1141 5128 atque
1160 5058 1199 5111 sic
1211 5075 1243 5110 er
1257 5076 1302 5110 sua
1316 5074 1388 5110 mors
1408 5058 1575 5111 commodum
1589 5057 1695 5128 aliquod
1708 5059 1831 5124 sentiret,

249 5140 340 5192 bitin
364 5143 521 5196 accessorio.
540 5147 571 5196 l.
591 5143 624 5197 di'
637 5141 725 5211 stand.
753 5154 775 5193 1.
792 5161 831 5208 pr.
839 5140 880 5211 Ι
897 5144 930 5198 rle
949 5145 1012 5214 leg.
1063 5143 1135 5213 quod
1154 5141 1322 5196 manifestam
1343 5141 1444 5195 redolet
1462 5143 1643 5211 iniquitatem.

217 5237 230 5276 s
253 5222 400 5278 commiss.
420 5225 497 5294 Quod
514 5225 602 5297 ipsum
617 5235 703 5278 tamen
716 5227 906 5281 limitationem
919 5227 1014 5282 admit·
1100 5227 1180 5279 Extra
1199 5245 1287 5279 casuro
1306 5227 1433 5297 periculi,
1456 5226 1479 5280 si
1499 5223 1664 5280 rescindatur
1681 5236 1831 5280 contractus
1851 5241 1864 5280 s

220 5308 298 5370 .tit,
317 5309 340 5359 si
359 5307 470 5380 Emptos
487 5320 589 5382 partem
605 5311 684 5380 pretii
706 5313 785 5364 soluti
804 5315 924 5378 amittat,
944 5314 1012 5383 quod
1063 5329 1109 5381 per
1136 5311 1372 5381 Praescriptionem
1404 5311 1656 5371 feurentiomlem,
1689 5310 1746 5380 ipso
1776 5313 1834 5376 jure

248 5391 317 5444 baud
334 5408 394 5446 raro
413 5391 471 5448 lieri
487 5397 552 5448 solet
572 5397 593 5447 1.
611 5409 635 5448 s.
651 5412 693 5466 pr.
701 5393 742 5466 Ι
762 5396 794 5450 cle
816 5400 846 5450 L.
868 5398 1010 5452 Commiss.
1067 5397 1247 5450 [totttttt‘nt
1267 5395 1336 5448 redit
1354 5393 1575 5462 adrenditorem,
1588 5395 1611 5450 si
1625 5393 1707 5464 modo,
1723 5393 1832 5448 directis
