4404 6274
460 522 526 582 moi

379 629 413 683 ob
432 626 634 698 expectantium
653 624 771 680 iohanni
798 624 950 680 Goiiielmo
973 639 1043 680 anno
1073 634 1155 678 test.

317 727 347 768 to
384 714 414 768 in
434 716 607 768 electuratum
632 711 756 766 meoniae
775 708 881 764 iactam.
902 709 1074 782 Disputatom
1088 718 1153 762 tono

383 799 436 854 tuit
452 817 505 868 pro
525 805 554 850 et
572 805 686 859 contras
706 805 735 850 nt
753 805 814 848 utut
831 813 900 850 anuo
915 807 1050 867 ttot·pro
1062 795 1153 848 Attea·

384 883 503 954 borgicis
521 904 537 937 a
557 881 668 936 Caesare
681 880 884 951 pronunciatum
897 877 996 945 icisse,
1011 880 1154 934 vinarien-

385 969 461 1024 eibus
476 978 563 1022 tamen
579 966 609 1018 in
623 963 789 1018 contrarium
800 961 1026 1034 protestantibus,
1040 961 1155 1030 dicatur,

393 1052 509 1123 Philipp
529 1050 611 1105 Jacob
631 1051 733 1120 Spcner
757 1049 869 1122 Sylloge
895 1047 1080 1120 Genealopice
1104 1047 1156 1103 m·-

301 1197 304 1204 ,
322 1147 350 1192 tt
390 1145 459 1190 ttor.
469 1153 534 1206 pag.
549 1133 617 1186 mint
626 1143 683 1186 223.
697 1133 867 1203 postmodum
882 1144 1056 1204 quoquotum
1069 1139 1156 1184 morte

389 1224 453 1278 loir.
471 1219 577 1275 Ernesti
596 1229 625 1273 et
643 1217 776 1272 Frideric'i
795 1216 891 1270 ducum
917 1219 1042 1271 saxoniae
1054 1239 1056 1244 ·
1068 1217 1156 1270 lineae

389 1305 569 1368 vinariensis,
587 1303 633 1374 qui
654 1311 739 1357 aetate
762 1303 888 1356 omnibns
912 1303 1000 1356 lineae
1018 1303 1155 1357 altenbur-

391 1391 481 1461 ttensis
502 1387 676 1458 Principibus
697 1391 812 1458 majores
831 1385 957 1452 luerunt,
979 1385 1156 1441 controversia

389 1471 580 1545 exspiraverit,
600 1487 653 1524 nnn
674 1469 812 1524 immerito
830 1481 917 1524 tamen
936 1487 968 1522 ex
988 1467 1068 1522 dacto
1088 1467 1157 1538 juris

388 1578 403 1613 a
428 1565 505 1629 parte
528 1555 722 1612 vinariensium
749 1553 801 1607 Dd.
834 1571 943 1626 semper
970 1554 1076 1609 stetisse
1104 1553 1156 1608 visi

390 1655 466 1706 sunt·,
486 1643 576 1696 senior
594 1639 667 1695 enlm
688 1649 715 1694 et
733 1641 819 1706 maior
836 1649 922 1694 aetate
938 1650 996 1696 erat
1011 1639 1155 1693 Vinarien·

387 1729 442 1795 sis,
462 1727 568 1782 Senicri
588 1727 672 1796 itaque
685 1727 726 1793 jas
739 1720 902 1779 succedendi
922 1724 952 1778 io
966 1726 1155 1788 declaratura,

390 1820 418 1868 et
436 1823 574 1884 propterca
594 1809 732 1866 landarum
751 1813 791 1880 tns
808 1801 1011 1880 praecedentiae
1023 1820 1155 1879 competo-

388 1899 434 1953 bat
453 1909 486 1951 ex
504 1895 544 1950 A.
561 1893 596 1948 B.
616 1894 714 1950 Caroli
728 1895 780 1949 IV.
799 1911 858 1961 cap.
880 1905 903 1945 t.
923 1903 951 1946 et
968 1909 1005 1946 ce
1029 1893 1155 1948 declaro·

388 1981 463 2034 none
474 1977 595 2049 ejrndem
606 1975 708 2032 caan
721 1975 836 2048 aliisque
849 1975 941 2030 Buttta
954 1995 971 2030 o
984 1983 1055 2048 seqq.
1069 1977 1155 2045 impp.

389 2061 575 2135 eonfirtnotic.
599 2061 818 2128 -·ttenburgensis
844 2075 904 2114 rero
926 2077 999 2115 mern
1020 2061 1157 2115 nitebatur

389 2141 554 2210 conditiooe;
574 2143 694 2197 conditio
711 2159 789 2208 sero,
808 2144 862 2198 nisi
882 2145 997 2212 existat,
1010 2145 1080 2198 nihil
1094 2160 1154 2216 pro-

388 2228 450 2285 flolt
467 2231 560 2301 legata
581 2237 623 2281 tt.
634 2225 680 2298 ff
693 2227 727 2282 de
745 2229 825 2281 cond.
844 2239 872 2282 et
890 2231 1035 2284 Demooet
1062 2229 1155 2300 Neque

387 2317 446 2388 ipsa
473 2315 551 2370 rerba
576 2314 773 2383 exspectandae
799 2311 892 2366 ducem
917 2311 979 2368 tot.
1004 2313 1152 2371 Wiihetrn.

389 2401 587 2458 constituebant
605 2399 764 2464 electorem,
784 2415 869 2470 neque
886 2395 944 2454 btto
961 2401 1051 2473 primo
1068 2403 1156 2456 ossol-

388 2497 448 2542 turo
464 2487 506 2556 jot
526 2485 753 2558 primogenitores
777 2485 963 2555 assignabant,
990 2487 1036 2540 sed
1061 2503 1155 2558 exspe-

388 2565 526 2637 elantiam,
546 2582 639 2640 spem,
658 2569 816 2639 generaliter
833 2579 859 2624 et
876 2570 1042 2638 coniutnctim
1066 2569 1155 2626 orani-

391 2657 441 2710 bus
460 2651 658 2710 successoribus
671 2653 869 2708 attribuebant:
889 2656 943 2725 iam
955 2671 1017 2710 vero
1029 2652 1103 2709 aliud
1115 2663 1157 2708 est

392 2757 467 2812 spes,
489 2739 642 2803 aliudesse
661 2735 736 2792 aliud
754 2740 886 2810 potentia,
906 2739 978 2793 aliud
995 2751 1069 2795 actus
1086 2741 1156 2812 ipses

330 2840 358 2883 ts
398 2825 506 2882 etiectus
530 2823 733 2897 praecedentiae
751 2825 826 2878 narilo
849 2825 928 2880 modo
953 2826 1027 2897 sequi
1052 2837 1158 2898 poterat

387 2921 451 2965 ante
468 2927 576 2966 eausam
595 2909 778 2964 conditidnem
797 2909 854 2963 scil.
874 2899 1019 2982 impletam.
1031 2909 1157 2966 Notitiam

397 2997 470 3052 euim
489 2995 602 3052 habebat
618 2997 660 3068 jus
679 2995 709 3047 in
728 2995 885 3062 electoratu,
905 2994 951 3051 sed
973 2993 1005 3051 ad
1032 2999 1158 3052 electora-

395 3088 469 3148 tnm,
489 3079 604 3152 adeoque
622 3082 664 3150 jus
682 3078 714 3134 ad
733 3097 807 3144 rem,
826 3099 880 3135 oon
899 3081 930 3134 in
948 3098 985 3135 re.
1005 3081 1077 3140 Vide
1102 3077 1144 3153 ple

390 3167 452 3221 nius
472 3165 536 3220 baec
555 3166 614 3238 ipsa
633 3163 806 3220 deducentem
825 3165 916 3219 Jacob.
936 3161 1067 3220 toarno
1089 3165 1157 3220 Cru-

395 3253 464 3307 cium
489 3253 610 3306 Tractat.
628 3249 663 3305 de
681 3250 826 3306 Praemia.
846 3249 975 3305 sessione
994 3259 1022 3304 et
1033 3249 1159 3306 universo

321 3348 352 3393 tt
386 3337 450 3410 J‘rrre
470 3332 613 3410 npoudpiac
640 3333 687 3388 tat.
707 3345 731 3388 t.
751 3353 809 3404 cop.
833 3344 859 3388 t.
882 3353 932 3401 per
956 3335 1099 3405 integram.
1126 3335 1159 3388 Et

391 3427 440 3478 boc
459 3419 600 3474 decidendi
629 3417 832 3472 tundamentum
857 3419 981 3472 omnibus
1007 3417 1159 3475 olflcloruro

394 3501 582 3574 exspectandis
601 3502 785 3572 applicamus,
805 3512 835 3556 ut
854 3503 882 3554 to
901 3519 948 3572 spe
965 3503 1079 3558 rlrentes
1098 3521 1160 3558 neu·

841 540 845 550 ·
929 525 1121 582 niseu'rtt'r.
1142 527 1226 581 XXV.
1245 517 1362 581 cutm
1380 527 1415 580 V.

1867 545 1920 580 aaa

1211 642 1244 678 ao
1263 625 1344 680 alicui
1363 641 1424 696 spes
1444 623 1512 678 lacta
1535 625 1630 680 saltem
1653 622 1688 676 de
1710 617 1803 680 allicio
1827 625 1858 678 in
1882 531 1990 682 maian

1190 709 1305 764 ’mortis
1322 711 1446 773 uterinae
1465 728 1498 763 an
1517 729 1580 767 sero
1601 721 1706 780 praeter
1726 709 1800 764 iilam
1818 725 1989 782 exspectan-

1205 796 1272 850 tiam
1295 797 1376 850 simol
1395 797 1474 850 alteri
1493 797 1532 850 sit
1550 795 1728 860 substitutnsa
1754 795 1800 850 hie
1816 798 1890 852 enim
1908 799 1988 868 quit

1205 898 1257 934 noo
1279 880 1308 934 in
1329 881 1398 933 nuda
1419 899 1465 952 spe
1483 897 1513 934 se
1531 879 1646 943 tondat,
1667 879 1714 933 sed
1733 880 1815 935 simul
1831 883 1859 934 iu
1872 883 1985 936 actuali

1205 964 1459 1030 administratione,
1472 953 1656 1017 mnia-anat·
1668 965 1765 1018 saltere
1772 975 1835 1036 post
1848 977 1986 1033 nortem,

1206 1047 1305 1102 merito
1330 1047 1507 1102 interioribus
1524 1047 1722 1119 praeferendus.

1241 1133 1273 1186 ln
1293 1132 1385 1188 ieaadia
1405 1136 1446 1200 tus
1465 1133 1497 1185 sd
1521 1147 1582 1187 rem
1608 1131 1705 1186 itidem
1731 1131 1855 1203 panon
1882 1138 1982 1193 struv.
2031 1152 2064 1196 ts

1205 1219 1285 1286 synt.
1309 1219 1373 1272 Jar.
1393 1217 1481 1272 Feud.
1500 1235 1564 1286 esp.
1583 1227 1608 1268 2.
1626 1217 1663 1268 tle.
1684 1228 1708 1270 2.
1725 1215 1823 1288 infin·
1834 1220 1893 1291 ipsa
1910 1241 1984 1276 sero

1208 1297 1286 1354 {esda
1305 1300 1459 1372 neutiqusm
1478 1301 1628 1369 stringente
1644 1299 1717 1354 unde
1730 1301 1874 1356 manifesta
1888 1307 1985 1360 nasci-

1207 1393 1250 1436 tur
1269 1383 1425 1440 differentia
1442 1383 1514 1439 inter
1532 1385 1627 1438 baeore
1646 1395 1674 1439 et
1691 1385 1879 1441 sirotsltaoeara
1899 1389 1981 1444 inre-

1205 1467 1346 1532 stituramr
1366 1469 1432 1522 baec
1450 1469 1523 1523 enim
1545 1470 1586 1536 tus
1602 1465 1736 1541 quoddam
1755 1471 1826 1522 reale
1838 1471 1977 1544 concedit,
2024 1489 2060 1532 2ο

1206 1552 1270 1606 ittae
1287 1569 1349 1607 aero
1366 1552 1440 1622 juris
1461 1551 1532 1605 nihil
1550 1552 1580 1604 in
1599 1551 1678 1606 leudo
1697 1553 1835 1621 tribuunt,
1848 1571 1898 1612 nec
1910 1578 1978 1614 oon-

1207 1637 1263 1694 selo
1284 1637 1453 1710 possessore,
1477 1636 1520 1692 uti
1543 1636 1703 1691 simrritanea
1727 1638 1885 1696 investitura
1909 1640 1977 1700 fieri

1206 1722 1300 1790 debet,
1309 1721 1500 1779 concedantur.
1513 1718 1611 1777 ladas.
1623 1717 1751 1776 Facbsius
1763 1719 1793 1778 in
1810 1722 1894 1780 Cone.
1903 1739 1974 1795 port.
2088 1775 2091 1778 .

1207 1811 1315 1863 Hartm.
1336 1811 1405 1864 tter.
1424 1819 1529 1880 quaen.
1548 1821 1593 1862 te.
1609 1827 1638 1862 n.
1660 1817 1704 1862 22.
1715 1819 1744 1862 et
1756 1819 1800 1862 tt.
1812 1810 1875 1880 ipse
1886 1807 1976 1868 Pisto-

1206 1893 1263 1947 rius
1282 1903 1385 1965 quaest.
1406 1903 1448 1947 tt.
1467 1913 1496 1948 n.
1512 1905 1537 1946 t.
1550 1885 1616 1946 inde
1629 1887 1752 1947 diremm
1764 1913 1869 1967 quoque
1882 1899 1974 1970 sequi-
2019 1909 2053 1953 22

1207 1987 1251 2032 tut
1276 1977 1404 2045 ed'eotosc
1430 1978 1590 2033 timsltaoea
1612 1977 1686 2031 enlm
1712 1981 1887 2046 investitura,
1911 1985 1977 2054 ipso

1206 2063 1264 2128 iure
1283 2073 1403 2118 mutuam
1422 2081 1468 2118 seu
1485 2061 1649 2134 reciprocam
1668 2057 1872 2133 obligationem,
1886 2077 1914 2119 et
1931 2069 1976 2137 ins

1205 2146 1320 2201 invicem
1338 2141 1494 2204 succedendi
1513 2159 1649 2219 operator,
1663 2143 1729 2202 dum
1746 2149 1816 2204 inter
1830 2151 1916 2206 taliter
1930 2154 1975 2205 in-

1206 2235 1315 2290 vestitos
1333 2235 1462 2306 quaedam
1475 2235 1549 2307 quasi
1563 2235 1678 2290 sociem
1690 2253 1720 2290 ac
1732 2239 1887 2291 communio
1901 2241 1976 2296 circa

1206 2321 1398 2377 successionem
1418 2319 1588 2386 introductu
1605 2338 1636 2374 ac
1650 2335 1786 2398 propterea
1798 2341 1846 2376 nec
1854 2327 1910 2394 juri
1924 2345 1974 2380 na-

1206 2411 1280 2456 turae
1299 2413 1507 2458 consentaneum
1527 2423 1591 2472 esse
1607 2403 1729 2474 ridetur,
1747 2418 1776 2460 ut
1791 2425 1856 2462 auos
1874 2409 1974 2463 simul-

1207 2491 1312 2537 tane'arn
1330 2485 1533 2550 investituram,
1552 2505 1635 2558 qnam
1652 2503 1712 2542 curn
1732 2485 1782 2542 alie
1794 2488 1886 2558 habet,
1900 2492 1972 2545 reti·

1205 2579 1280 2638 neat,
1300 2571 1401 2624 socium
1418 2588 1495 2636 vero,
1514 2571 1547 2626 ab
1568 2573 1661 2627 eodem
1674 2573 1755 2643 ime,
1769 2571 1838 2644 qaod
1849 2567 1973 2630 inbonis

1206 2653 1262 2708 snis
1279 2654 1402 2708 vicissim
1416 2656 1527 2722 habuit,
1542 2657 1602 2711 sine
1617 2655 1689 2712 tacto
1701 2667 1729 2710 et
1742 2677 1872 2714 consensu
1884 2658 1978 2732 ipsius

1208 2739 1331 2811 repellat,
1350 2739 1422 2820 qood
1440 2741 1573 2796 Leoninae
1593 2741 1731 2796 societatis
1759 2760 1822 2815 prae
1838 2761 1868 2798 se
1891 2745 1980 2801 ferret
2036 2796 2039 2800 .

1207 2827 1339 2896 speciem,
1360 2825 1393 2880 de
1405 2827 1589 2898 juremiuirne
1600 2827 1741 2898 probatam
1754 2821 1865 2882 Facult.
1879 2827 1976 2884 Jun'd.

1208 2909 1283 2981 stps.
1300 2909 1331 2964 in
1351 2929 1428 2966 cons.
1444 2923 1514 2982 post.
1533 2915 1637 2967 ttartm.
1661 2913 1758 2967 Pistor.
1772 2922 1879 2984 penest.
1891 2925 1934 2968 2ο.
1947 2934 1978 2969 n.

1211 3003 1254 3048 22.
1273 3004 1303 3048 et
1317 3014 1388 3068 sepo.
1402 2993 1544 3052 Concessio
1555 3014 1620 3053 aero
1631 2996 1661 3050 in
1674 3013 1763 3050 casum
1776 2997 1904 3051 morituri
1919 3015 1980 3054 ras-

1209 3080 1268 3132 satii
1287 3096 1335 3136 seu
1351 3081 1436 3134 lineae
1455 3081 1566 3136 alterius
1584 3077 1739 3136 deficientis
1759 3080 1830 3136 nabit
1844 3083 1896 3138 tale
1910 3101 1978 3155 pro·

1210 3163 1298 3232 ducit,
1311 3175 1341 3221 ut
1355 3167 1480 3222 stultitiae
1491 3177 1578 3222 notam
1592 3167 1691 3221 merito
1703 3167 1839 3232 incurrat,
1851 3169 1982 3240 quisquis

1210 3270 1225 3303 a
1243 3255 1301 3320 jure
1313 3252 1487 3309 simultaneae
1499 3252 1690 3322 investiturae,
1703 3271 1750 3308 ceu
1764 3256 1847 3308 multo
1858 3247 1980 3310 firmiori

1211 3345 1238 3389 et
1257 3335 1402 3406 pinguiori
1420 3337 1559 3402 recedere,
1584 3357 1614 3391 ac
1638 3337 1728 3390 minus
1750 3337 1843 3392 utilem
1869 3339 1982 3394 titulum

1212 3423 1299 3474 nudae
1318 3422 1514 3493 exspectatione
1529 3423 1694 3494 praeeligere
1711 3421 1775 3476 sctit
1795 3439 1853 3494 arg.
1872 3423 1892 3476 l.
1911 3441 1977 3482 crana

1212 3505 1245 3558 de
1263 3503 1383 3560 indebito
1401 3525 1442 3577 pr.
1452 3505 1494 3577 ff.
1512 3507 1546 3563 de
1555 3509 1663 3580 prodat.
1677 3517 1882 3576 etproesumpt.
1894 3509 1912 3562 l.
1922 3505 1977 3578 fin.

391 3593 492 3659 tiquam
515 3584 693 3658 praetendere
712 3587 818 3656 possint
835 3585 1063 3658 praecedentiam,
1081 3602 1160 3658 quam
1212 3588 1240 3641 in
1250 3589 1311 3660 fin.
1328 3591 1418 3662 princ.
1436 3593 1465 3646 C.
1484 3593 1565 3646 ordii.
1588 3593 1674 3647 rarat
1696 3591 1725 3644 Si
1744 3609 1777 3644 ea
1795 3591 1845 3644 trac
1861 3591 1978 3645 inresti-

329 3691 358 3734 ts
396 3674 496 3728 babent
515 3671 624 3727 realiter
637 3685 811 3725 moneresuo
825 3671 974 3741 tangentes·
989 3671 1041 3725 Sed
1055 3671 1103 3726 bac
1117 3689 1159 3726 ra-

1213 3682 1272 3728 tura
1291 3675 1447 3730 simultanea
1465 3673 1530 3729 dem
1540 3679 1582 3746 jus
1596 3670 1726 3747 quoddam
1740 3675 1858 3746 perlecto
1871 3686 1982 3746 partum

390 3759 465 3814 tione
482 3753 616 3826 quomodo
640 3753 784 3810 salvabitur
801 3765 864 3809 ante
883 3754 956 3810 dicta
975 3757 1162 3810 canonicorum
1212 3770 1254 3813 est
1270 3761 1389 3830 agnatis,
1407 3770 1438 3813 ut
1456 3769 1629 3815 conservetur
1647 3759 1730 3824 illud,
1753 3777 1806 3813 nen
1831 3759 1905 3828 iniq;
1931 3755 1982 3826 fit,

395 3841 626 3918 preaemincbtia,
647 3841 713 3894 item
734 3841 911 3912 coadjutoris,
930 3843 989 3905 eui,
1008 3843 1034 3896 si'
1044 3859 1103 3895 cum
1114 3858 1161 3915 spe
1190 3889 1191 3896 ,
1213 3843 1396 3899 investitatum
1414 3843 1448 3897 ad
1466 3843 1644 3898 renovationis
1667 3843 1828 3914 petitionem
1842 3844 1927 3911 adipis
1942 3845 1974 3898 in

395 3928 572 3984 serenessinnis
584 3925 659 3978 datus
668 3925 857 3990 nicrinlncum
866 3927 986 3998 episcopi
1002 3926 1161 3994 attribuamt,

396 4025 424 4067 et
442 4013 530 4065 instar
549 4010 669 4081 episcopi
688 4013 870 4065 venerandum
892 4011 1070 4064 communiter
1089 4026 1160 4064 asse·

393 4107 458 4152 rant
479 4095 531 4148 Dd.
549 4113 611 4148 curn
629 4105 656 4146 et
674 4094 716 4149 illi
735 4095 827 4151 saltem
848 4097 889 4159 ius
909 4095 941 4148 ad
961 4108 1034 4160 rem,
1054 4111 1107 4148 non
1133 4095 1161 4147 ln
1214 4096 1476 4150 necuttaminterim
1485 4095 1565 4150 habet
1576 4091 1780 4160 incestituram,
1794 4113 1854 4148 cem
1868 4095 1980 4167 idquod
2085 4103 2090 4112 “

396 4197 426 4234 re
446 4177 578 4234 babeant?
595 4178 794 4249 Distinpuimos
808 4181 881 4233 inter
894 4179 1101 4250 exspectantium
1116 4197 1165 4234 nu·

394 4266 475 4330 dam,
496 4272 524 4316 et
540 4263 708 4333 conjunctam
727 4278 787 4316 eum
808 4279 889 4317 onem
915 4265 1028 4333 gerendi
1045 4265 1100 4320 sire
1118 4265 1164 4318 art·

1213 3946 1276 3983 casu
1291 3945 1353 3983 uero
1367 3927 1486 3981 vacaturi
1501 3927 1572 3981 tendi
1586 3925 1675 3980 onmis
1690 3925 1860 3982 investiturae
1871 3927 1981 3983 effectos

1214 4012 1242 4064 in
1257 4006 1507 4066 tatumn‘tncenae
1519 4010 1684 4066 conditionis
1696 4013 1817 4067 eventum
1837 4003 1979 4077 differtur,

1216 4181 1265 4234 snb
1284 4179 1437 4235 conditione
1456 4179 1573 4252 positam
1593 4189 1649 4244 est,
1669 4195 1722 4231 non
1743 4176 1850 4232 dicator
1867 4197 1925 4233 esse
1948 4179 1980 4234 in

1215 4263 1395 4336 dispositione
1410 4263 1431 4316 ’1.
1450 4263 1477 4317 si
1493 4261 1553 4335 puis
1570 4261 1619 4317 sui
1644 4260 1749 4316 condit.
1775 4274 1800 4315 t.
1816 4250 1859 4330 J.
1876 4263 1903 4316 o·
1918 4264 1980 4333 quis

394 4345 586 4411 ministrandi:
606 4348 756 4413 baeo,.ooo
776 4348 821 4400 iila
847 4349 890 4417 ios
909 4344 1056 4421 προεδρίας
1084 4351 1164 4405 simol
1215 4347 1308 4402 omis.
1327 4367 1413 4403 ceraso
1439 4337 1979 4416 1ὲ22.ῡη.Βηιιηεω.ραναι.2121212.

402 4435 548 4500 attribuetr
574 4433 613 4488 sie
637 4435 756 4488 canonici
782 4435 853 4489 intra
878 4451 1018 4489 parmarum
1043 4439 1163 4496 nandino
1216 4434 1262 4487 to.
1282 4444 1324 4488 ts.
1350 4433 1401 4492 un.
1421 4445 1445 4488 s.
1458 4443 1563 4505 quaest.
1579 4442 1620 4487 st.
1634 4427 1843 4486 Contllerlicb.
1858 4431 1978 4488 conetur.

394 4520 510 4594 recepti,
537 4529 664 4574 exercent
687 4515 778 4572 officia
803 4518 858 4571 reri
882 4519 1029 4585 canonici,
1057 4529 1167 4576 cantant
1219 4529 1261 4572 st.
1278 4537 1307 4572 n.
1328 4530 1370 4573 tt.
1388 4521 1553 4590 Quamquam
1573 4528 1601 4573 ut
1618 4518 1718 4570 cautela
1736 4512 1871 4584 superflua
1897 4535 1976 4572 escu-
2013 4528 2044 4572 st

395 4606 468 4660 euim
488 4605 517 4656 in
535 4603 630 4668 choro,
650 4601 751 4656 babent
769 4603 874 4656 stallosn
893 4603 922 4654 tn
943 4619 974 4656 en
987 4611 1037 4657 etc.
1051 4603 1167 4674 coadju-

1218 4603 1270 4658 sari
1285 4603 1385 4674 possit,
1398 4601 1502 4672 quando
1514 4599 1813 4676 perapprehensioncm
1829 4601 1912 4672 pilei,
1925 4603 1978 4672 pta·

370 4713 371 4716 ¹
395 4701 438 4744 tor
455 4685 580 4741 omnibus
597 4686 720 4758 episcopi
733 4687 887 4741 mansoribus
902 4686 1037 4756 iungitur,
1054 4689 1169 4759 ideoque
1218 4689 1275 4756 dit,
1293 4685 1461 4740 subalterius
1478 4685 1614 4754 cniusdam
1634 4685 1703 4755 signi
1719 4685 1925 4755 promissionem
1938 4685 1979 4740 ta·

397 4773 461 4826 dam
482 4771 643 4843 plenissime
661 4783 814 4841 surrogatus
834 4779 891 4836 est,
905 4771 1165 4846 participatqooqoc
1219 4783 1303 4838 ctam,
1327 4781 1351 4826 et
1375 4773 1417 4842 ius
1435 4769 1469 4824 ad
1488 4777 1545 4825 reto
1567 4779 1655 4822 natant
1673 4785 1746 4833 csse,
1766 4769 1793 4822 in
1814 4771 1979 4840 praestandis

395 4859 429 4912 de
446 4867 541 4911 natura
555 4858 626 4922 eius,
639 4855 684 4908 cui
697 4865 864 4926 suffragatum
878 4863 1088 4924 et'personamrn
1105 4859 1166 4928 qui-
1217 4858 1348 4928 homagiis
1366 4871 1470 4927 quoque
1487 4853 1665 4922 indigitetur,
1684 4854 1766 4908 re'iuti
1779 4870 1812 4907 cx
1824 4855 1940 4910 arettas
1953 4867 1981 4911 ct

326 4991 330 5000 ,
398 4943 459 4997 dem
478 4940 618 4997 distinctio
636 4939 721 5012 aimon
737 4939 1169 5012 est,dipoitatisaesnnonatia,
1217 4938 1374 5014 protocottis
1387 4939 1569 4995 illustrissimi
1586 4930 1761 4992 bonennias
1774 4937 1917 5008 regiminis
1944 4938 1979 4994 de
2010 4950 2042 4993 22

400 5045 480 5100 qoam
499 5045 552 5098 quo
565 5021 656 5079 differt
669 5041 817 5098 praesensa
833 5024 997 5094 tuturo,qui
1011 5025 1082 5078 enim
1098 5045 1167 5084 nnnc
1218 5047 1299 5083 anno
1320 5039 1399 5083 teto.
1420 5035 1508 5099 patet,
1536 5027 1565 5080 in
1584 5026 1687 5080 'altimo
1708 5025 1836 5097 praestito
1855 5029 1979 5082 ameniss.

400 5113 503 5170 dicitur
515 5125 668 5174 successor,
682 5107 855 5182 postmodnm
867 5107 920 5162 'erit
935 5107 1073 5180 episeopus
1086 5109 1169 5164 Cant.
1217 5111 1329 5166 dacibus
1346 5112 1481 5182 homagio,
1502 5111 1674 5165 Pomeraniae
1687 5119 1750 5166 tuuc
1767 5113 1898 5182 temporis
1918 5131 1979 5166 can-

400 5195 574 5250 tentant.
595 5193 713 5266 Speidei.
731 5193 759 5247 in
779 5193 887 5266 Sperat
908 5193 1003 5247 larid-
1016 5193 1100 5248 eotn.
1115 5195 1166 5250 Hi·
1217 5197 1355 5251 cellarium
1373 5188 1504 5252 Μοῖσαν
1520 5215 1580 5250 uae
1598 5197 1715 5262 ,tinem
1736 5196 1946 5268 exspectandam
1964 5221 1979 5252 a

399 5289 466 5332 ator
485 5281 537 5335 sab
555 5267 625 5338 voce
640 5279 805 5350 coadjutor.
822 5277 870 5332 ubi
897 5277 992 5334 moltis
1015 5281 1170 5336 rationibus
1219 5281 1375 5336 Cetaissimo
1393 5283 1521 5356 Principe
1535 5285 1563 5336 in
1578 5272 1687 5336 lendum
1703 5275 1983 5350 Daaonbabeatem,

335 5373 365 5420 ta
402 5361 640 5432 harrccoadjotoris
649 5363 862 5435 praecedentiam
874 5371 1034 5435 propugnat
1048 5363 1111 5418 Pari
1125 5381 1169 5420 ra*
1218 5387 1251 5424 ex
1270 5370 1319 5422 boc
1332 5371 1422 5442 sapite
1432 5371 1532 5443 pderrra
1544 5386 1606 5424 eura
1620 5377 1727 5439 agnato,
1744 5365 1821 5422 tenda
1834 5365 1982 5423 Dormien-

403 5445 475 5503 done
491 5448 569 5502 etiam
585 5449 672 5523 quoad
684 5451 736 5504 alia
748 5445 842 5506 albeta
854 5447 1091 5520 distinguendum
1105 5451 1165 5508 scil.
1220 5453 1260 5508 sia
1278 5465 1438 5524 mauronte,
1457 5455 1592 5527 tetigisse,
1608 5453 1689 5509 sicuti
1699 5453 1828 5526 ptoribas
1838 5449 1931 5507 adeas
1941 5453 1984 5508 st-

2146 584 2157 649 1
