4504 6344
355 471 407 530 tu
800 471 850 529 DE
869 471 1054 530 Processu
1073 469 1358 534 sustententur.
1750 478 1803 534 dre

278 576 351 634 „nt
369 572 469 648 possim
491 565 589 622 ordine
613 563 722 622 ordines
747 565 878 622 lustrandi
901 577 988 621 munt.
1013 567 1051 620 lit
1072 561 1079 640 Ι
1098 567 1273 638 quibamus
1292 564 1473 639 duoseliget',
1493 584 1555 624 reus
1570 583 1633 626 vero
1650 587 1744 630 uorem
1764 589 1797 626 ex
1815 573 1871 628 suls

279 663 371 734 priato
390 655 499 728 quidem
517 655 542 705 si
565 651 703 724 principes
730 663 758 708 et
782 655 907 708 electores
927 653 997 708 inter
1020 670 1049 706 ae
1071 645 1077 744 Ι
1100 650 1262 706 consiliariis
1280 651 1436 718 nominabit,
1455 655 1605 725 exquibus
1623 666 1704 710 actor
1733 667 1788 710 tres
1806 659 1869 712 seli·

281 744 360 798 litem
379 739 491 792 habeant
509 734 538 788 1ιι
559 735 624 790 Orsi·
643 737 723 792 Cam·
741 740 779 791 Ρ.
800 746 825 788 2.
844 747 864 788 t.
885 747 910 788 2.
927 736 1047 808 bicpro-
1098 743 1152 804 get.
1179 747 1204 787 e.
1228 733 1309 788 lotor
1335 734 1400 788 duos
1423 737 1493 798 uiros
1518 739 1636 809 egregios
1663 751 1690 794 et
1707 741 1866 811 suspicione

276 840 369 882 cesam
393 817 572 876 constituendi
594 817 710 888 judicem
735 817 937 873 determinatus·
963 820 1045 873 Priu-
1096 832 1189 871 rmuos
1208 815 1299 886 eliget:
1318 833 1379 870 reus
1396 835 1458 874 rero
1477 837 1510 873 ex
1524 822 1579 874 suis
1591 823 1759 878 consiliariis
1773 823 1868 880 itidem

276 923 341 978 ceps
359 912 433 958 actor
450 919 495 956 reo
512 903 555 970 ius
573 918 649 956 suum
673 911 700 954 et
724 903 856 974 postulata
881 903 912 956 in
936 903 1046 974 seriptis
1098 903 1164 954 duce
1180 900 1279 972 eligere
1296 901 1409 970 poterit,
1426 919 1478 973 quo
1497 903 1528 956 bi
1544 922 1649 958 cauum
1677 907 1795 961 invicem
1820 925 1865 963 co·

279 1006 427 1064 exponere,
447 994 475 1038 et
491 985 578 1050 bunc,
597 995 629 1038 ut
647 984 702 1040 sibi
714 985 827 1058 desuper
838 987 944 1057 justitia
962 986 1047 1040 admi·
1096 995 1239 1053 gnoscant,
1257 985 1355 1055 quibus
1373 985 1445 1040 iuter
1464 1004 1493 1040 ιο
1512 986 1740 1043 dissentientibus
1770 991 1862 1062 Impe-

277 1076 421 1138 uistretur,
446 1071 614 1142 interpellare
639 1069 727 1124 debet·
753 1074 811 1126 llac
834 1073 1046 1146 interpellatione
1096 1080 1165 1123 rator
1182 1069 1332 1141 praesidem
1350 1071 1513 1126 constituere
1532 1072 1624 1138 debet,
1637 1075 1683 1144 qni
1697 1076 1867 1147 proreiigio-

274 1158 357 1226 t'acta,
375 1158 504 1228 Princeps
520 1159 563 1210 ιο1
579 1156 684 1230 Elector
693 1169 833 1212 conventos
850 1159 922 1214 intra
933 1169 1044 1230 quartuor
1096 1169 1130 1206 ne
1149 1169 1195 1206 tua
1212 1172 1244 1208 ac
1260 1156 1424 1209 consumtis
1441 1155 1579 1226 iudicabit.
1599 1167 1624 1208 t.
1638 1158 1720 1213 Actor
1734 1163 1865 1214 exomni-

278 1245 441 1318 septimauas
460 1243 494 1296 ab
511 1242 731 1316 interpellatione
754 1243 959 1316 computandus,
977 1263 1043 1316 qua·
1094 1233 1144 1288 but
1161 1235 1204 1288 1θὶ
1220 1236 1383 1292 willerii!
1400 1239 1531 1311 quinque,
1550 1242 1591 1295 tel
1609 1241 1634 1294 ti
1651 1251 1689 1296 tot
1707 1259 1762 1298 non
1774 1245 1864 1312 habet,

275 1341 338 1386 tuor
356 1326 497 1398 Principes
512 1338 648 1398 regentes,
666 1328 733 1383 duos
751 1329 955 1397 ecclesiasticus,
980 1330 1045 1384 duos
1097 1335 1130 1372 εἰ
1147 1321 1318 1376 tttssllorum
1336 1331 1366 1376 el
1386 1319 1545 1378 officialium
1564 1343 1677 1379 numero
1698 1335 1739 1380 tot
1763 1331 1863 1401 eligere

276 1411 427 1476 seculares,
446 1429 501 1464 nou
520 1411 657 1478 ejusdem,
676 1411 724 1464 sed
742 1410 905 1466 diversamm
930 1411 1045 1466 familia·
1096 1403 1191 1469 dtbtlt
1220 1407 1290 1460 tulta
1314 1415 1402 1460 ttmtn
1422 1421 1468 1460 reo
1493 1409 1663 1479 exemptione
1688 1411 1861 1482 aliquorum,

276 1513 359 1570 rum,
374 1495 511 1550 nominare
528 1493 616 1550 debet.
630 1496 670 1549 Ex
687 1495 731 1549 his
748 1505 859 1566 quatuor
873 1494 1045 1568 Principibus
1095 1507 1208 1560 quorum
1224 1509 1307 1561 opera
1324 1493 1354 1545 iu
1377 1509 1469 1546 causae
1492 1495 1679 1564 persecutione
1701 1497 1741 1548 uti
1766 1501 1862 1569 possit.

277 1598 362 1634 unum
380 1590 450 1634 actor
468 1578 558 1650 eligit,
577 1589 604 1634 et
622 1579 684 1634 buic
701 1581 775 1633 iutra
790 1591 903 1650 quatuor
921 1581 987 1635 alias
1004 1598 1045 1635 se-
1097 1585 1120 1629 t.
1138 1576 1236 1630 Ilodns
1254 1577 1300 1630 hio
1318 1577 1389 1633 nibil
1411 1578 1473 1631 nori
1492 1577 1624 1643 continet,
1643 1579 1760 1633 sedcum
1773 1583 1865 1652 primo

275 1664 409 1736 ptimaues
427 1662 584 1728 denunciat,
599 1664 770 1735 posteaintm
785 1674 826 1716 tt.
839 1663 896 1717 dies
908 1673 962 1718 tem
971 1675 1044 1718 actor
1095 1661 1176 1732 plane
1192 1660 1330 1714 coincidit.
1350 1661 1490 1716 Processus
1508 1678 1570 1716 rero
1585 1663 1650 1716 ratio
1663 1663 1692 1716 iu
1706 1664 1863 1720 dictooeta-

276 1767 357 1822 quem
375 1765 436 1803 reus
451 1747 603 1820 Principem
617 1747 733 1818 judicem
747 1751 860 1804 electum
872 1749 960 1804 literis
971 1767 1044 1804 ecm-
1094 1767 1125 1801 ιο
1144 1746 1222 1800 modo
1241 1746 1270 1798 iu
1289 1745 1380 1799 ordio.
1398 1745 1472 1800 Cam.
1497 1755 1601 1800 tautum
1625 1746 1804 1814 describitur,
1829 1751 1864 1806 de

275 1835 394 1908 pellunt,
413 1843 444 1887 ut
461 1833 640 1902 cognitionem
658 1851 750 1891 musae
769 1835 896 1908 suspiciat
907 1845 935 1888 et
953 1846 1044 1908 partes
1093 1848 1146 1900 quo
1167 1839 1269 1901 postaa.
1286 1829 1326 1882 Ex
1344 1830 1388 1884 bis
1404 1848 1467 1885 rero
1484 1839 1544 1884 octo
1561 1831 1629 1896 riis,
1648 1840 1679 1885 ut
1690 1843 1793 1899 vocant,
1807 1837 1861 1889 ter·

275 1919 356 1983 citet,
373 1917 446 1990 qnod
465 1917 594 1989 Princeps
612 1920 711 1974 electus
729 1917 815 1975 lacere
833 1929 936 1976 tenear
954 1919 1045 1992 rigore
1094 1916 1133 1970 tie
1150 1927 1178 1970 et
1194 1927 1287 1988 quarta
1303 1918 1334 1970 iu
1348 1917 1423 1989 praxi
1435 1935 1514 1988 quam
1526 1916 1644 1970 maxime
1656 1928 1720 1972 sunt
1733 1919 1858 1990 trequen-

288 2004 353 2060 om.
371 2005 452 2060 Cum.
471 2001 496 2055 ι1.
515 2012 534 2056 t.
555 2013 581 2058 2.
1095 2011 1177 2069 tatae,
1197 2017 1234 2056 sc.
1252 2013 1282 2056 ut
1299 2004 1341 2056 rel
1358 2012 1411 2055 tres
1428 2000 1567 2072 principes
1584 2003 1734 2072 eligantur,
1753 2005 1796 2058 rel
1821 2016 1860 2060 et·

314 2090 419 2146 Deinde
435 2108 510 2154 rem,
530 2091 554 2144 si
572 2092 700 2146 electores
720 2091 858 2165 Principes
872 2103 897 2148 et
907 2093 1044 2166 priucipa-
1094 2090 1148 2144 iam
1166 2088 1363 2143 commissarius
1381 2087 1414 2140 ab
1428 2087 1592 2158 Imperatore
1610 2098 1727 2158 petatur.
1746 2090 1861 2146 neemlra

273 2175 296 2228 li
315 2173 448 2246 dignitate
464 2173 592 2245 fulgentes
609 2176 675 2230 alios
693 2173 981 2246 Interioriadignitatis
997 2191 1048 2232 orl
1094 2188 1119 2229 t.
1136 2176 1234 2229 llatth.
1254 2173 1344 2246 Stepb.
1362 2176 1398 2228 de
1416 2171 1558 2228 Jun'ntt
1581 2181 1605 2224 2.
1626 2176 1662 2227 Ρ.
1685 2185 1707 2226 1.
1726 2195 1749 2230 c.
1776 2190 1801 2232 s.
1828 2196 1857 2232 n.

279 2257 373 2324 dines,
392 2255 446 2312 iori
463 2269 550 2312 nmen
569 2255 758 2330 Austregaruiaa
781 2269 931 2333 compotes,
953 2261 982 2316 iu
1000 2264 1041 2332 jus
1096 2269 1137 2314 tt.
1155 2259 1216 2314 Iob.
1234 2259 1323 2314 bima.
1338 2259 1372 2312 de
1391 2259 1422 2311 J.
1440 2262 1477 2313 Ρ.
1497 2257 1516 2310 1.
1535 2268 1560 2312 t.
1579 2275 1602 2310 e·
1624 2270 1648 2310 e.
1667 2277 1697 2312 ιι.
1722 2272 1765 2314 rc.
1793 2261 1860 2316 Sch-

276 2357 368 2396 rocare
392 2341 497 2408 uelint,
525 2343 567 2398 rel
595 2343 816 2400 commissarium
838 2345 957 2417 aequalis
981 2363 1043 2402 cum
1094 2361 1226 2404 naaman.
1244 2345 1264 2398 t.
1286 2357 1308 2400 t.
1327 2345 1360 2398 de
1378 2347 1542 2400 Procerum
1560 2355 1584 2397 a.
1597 2361 1625 2396 ιι.
1639 2344 1687 2398 ult·
1699 2347 1756 2400 Iac.
1770 2345 1858 2404 Illum.

275 2435 368 2480 actore
380 2424 518 2496 dignitatis
530 2437 621 2496 petere
632 2439 756 2496 possunt,
772 2429 851 2484 modo
864 2429 986 2486 bicnltre
1002 2441 1042 2484 12.
1093 2435 1179 2486 Ριοο.
1200 2429 1279 2483 Cum.
1297 2439 1316 2482 t.
1336 2439 1377 2482 rt.
1396 2447 1424 2482 ιι.
1447 2439 1506 2480 ter.

275 2508 402 2562 milliaria
419 2528 435 2562 a
453 2525 499 2562 reo
518 2520 645 2564 convento
663 2529 718 2564 nou
736 2512 822 2578 absit,
839 2516 881 2568 ecl
903 2533 965 2570 reus
990 2527 1042 2572 tres
1130 2515 1170 2566 lta
1188 2530 1250 2581 ergo
1268 2511 1376 2566 modum
1394 2510 1555 2582 procedendi
1574 2511 1603 2564 iu
1615 2512 1803 2570 constitutione
1813 2517 1855 2586 jn·
1894 2524 1923 2570 tt

274 2593 463 2648 Electoresrel
482 2592 622 2664 Principes
635 2596 774 2650 nominare
787 2597 902 2667 poterit,
916 2601 985 2652 ultra
1001 2609 1041 2652 12.
1094 2597 1163 2650 dicis
1183 2598 1373 2668 Austregarum
1392 2595 1552 2649 adductum
1571 2595 1690 2650 ordinat.
1722 2600 1861 2652 cameratis

275 2675 407 2730 milliaria
424 2674 459 2730 ab
476 2685 565 2732 actore
583 2694 638 2730 nun
655 2689 786 2746 remotos,
805 2695 837 2734 ex
855 2683 952 2752 quibus
969 2693 1043 2736 actor
1091 2680 1211 2735 vidimus
1228 2681 1350 2734 breviter.
1370 2677 1514 2748 Antequam
1530 2695 1593 2733 sero
1604 2697 1757 2750 processum
1768 2681 1860 2754 ipsum

274 2778 360 2814 uuum
378 2761 476 2830 eligere
493 2760 602 2815 debebit
624 2763 655 2814 0.
674 2766 707 2818 C·
723 2783 749 2834 p.
770 2773 794 2817 2.
813 2775 832 2816 t.
853 2779 876 2818 s.
889 2767 950 2818 Pari
964 2765 1043 2822 modo
1093 2766 1236 2818 lustremus
1255 2762 1336 2817 dubia
1353 2761 1480 2832 quaedam
1493 2778 1526 2815 er
1539 2761 1662 2834 praefatis
1674 2761 1789 2816 oriunda
1800 2767 1862 2834 pri-

275 2846 359 2915 judex
373 2845 587 2910 constituendus,
599 2848 705 2918 quoties
718 2847 834 2903 Praeleti
848 2849 982 2914 Comites,
994 2849 1043 2904 Ba·
1093 2865 1167 2902 mum
1186 2847 1324 2918 tangenda.
1343 2847 1416 2900 ilinc
1432 2846 1585 2917 quaeritur,
1610 2863 1645 2898 eu
1669 2845 1739 2900 iuter
1756 2848 1861 2918 priuci-

276 2945 355 2984 roues
372 2937 400 2982 et
415 2927 527 2983 Nobiles
545 2929 697 2983 immediati
717 2931 819 3002 seipsos
838 2933 979 2986 murenire
995 2951 1043 2987 ee·
1091 2947 1140 3001 pes
1153 2939 1264 3000 quatuor
1277 2933 1351 2999 juxta
1363 2930 1447 2986 Posit.
1459 2946 1485 2986 s.
1496 2930 1683 2994 nominandos,
1698 2931 1781 2985 etiam
1795 2931 1858 3002 ipse

273 3015 342 3080 lint,
361 3013 411 3068 ubi
426 3014 524 3068 itidem
543 3015 642 3087 duplex
660 3017 709 3071 ille
726 3017 769 3073 vie
786 3019 841 3088 jam
860 3016 992 3073 recensita
1004 3019 1043 3074 lo-
1093 3013 1741 3086 ImperatoruominaripossitiDuplexrespectus
1754 3015 1784 3066 in
1797 3015 1858 3086 ipso

272 3115 334 3154 uum
352 3098 439 3154 habet·
459 3101 492 3152 0.
511 3101 538 3154 C·
557 3103 593 3154 P.
615 3111 639 3152 2.
660 3111 678 3152 t.
699 3113 722 3154 s.
1093 3101 1258 3170 Imperatore
1268 3099 1438 3170 separandus:
1451 3111 1495 3155 aut
1506 3099 1579 3153 euim
1591 3099 1775 3153 consideratur
1803 3119 1856 3172 qua

311 3181 401 3236 'lertio
413 3217 421 3248 ,
441 3179 466 3234 si
483 3179 622 3255 principes
640 3192 668 3236 et
684 3181 833 3253 priucipeli
848 3182 983 3254 dignitate
995 3181 1045 3236 lul·
1093 3185 1239 3255 inperator
1256 3183 1498 3256 autquapriuceps
1510 3184 1620 3255 Imperii
1632 3222 1641 3248 ,
1653 3200 1761 3254 seuque
1773 3196 1859 3239 certes

272 3278 364 3340 gentes
381 3267 573 3323 conveniantur
589 3288 605 3322 a
622 3268 765 3324 comitibus
777 3281 805 3324 et
816 3269 968 3334 baronibuss
980 3289 1040 3326 mo·
1093 3267 1211 3322 ditiones
1223 3276 1251 3321 et
1261 3267 1412 3340 provincias
1425 3267 1537 3338 imperii
1549 3268 1680 3338 possidet.
1694 3267 1781 3320 Priori
1796 3287 1858 3322 casu

273 3355 323 3408 dut
339 3349 458 3423 iudicem
477 3352 662 3407 constituendi
679 3354 805 3425 octuplex
822 3363 877 3418 est,
896 3353 1042 3410 lusiusde·
1091 3369 1144 3424 qua
1162 3353 1309 3424 Imperator
1325 3350 1407 3422 iudex
1424 3351 1612 3422 dustregerum
1626 3369 1748 3406 essenon
1763 3365 1857 3422 potest:

274 3437 390 3508 scriptus
407 3436 438 3488 iu
460 3435 493 3488 0.
512 3436 546 3492 0.
566 3438 603 3491 Ρ.
622 3447 648 3489 2.
666 3455 688 3490 c.
709 3446 733 3490 t.
751 3454 816 3508 quos
834 3435 913 3490 modo
925 3435 1043 3494 breviter
1091 3435 1138 3490 bie
1154 3436 1228 3490 enim
1241 3435 1266 3490 si
1277 3437 1440 3490 seutentiam
1451 3436 1716 3508 tulisset,appeltatio
1727 3435 1760 3488 ad
1774 3451 1861 3489 eame-

273 3529 379 3574 tactum
396 3517 556 3574 ridebimus.
577 3531 601 3574 t.
621 3519 752 3590 Princeps
778 3529 924 3576 concentus
947 3539 1041 3579 norem
1092 3535 1150 3574 rem
1168 3521 1254 3576 Ionum
1274 3519 1371 3574 hebere
1388 3537 1444 3574 nou
1462 3529 1566 3590 posset,
1586 3536 1647 3572 cum
1665 3517 1698 3571 ab
1710 3518 1859 3588 Imperato-

274 3602 457 3670 consilisrics,
473 3603 590 3677 quinque
608 3603 726 3671 nobiles,
738 3616 847 3677 quatuor
861 3608 1030 3678 jurisperitos
1089 3604 1171 3660 read
1188 3619 1319 3658 eameram
1337 3605 1471 3675 appellere
1490 3621 1544 3656 nou
1562 3603 1652 3668 liceat,
1672 3611 1700 3655 et
1716 3591 1860 3672 processus

273 3688 432 3744 constituere
454 3687 550 3755 debet,
575 3707 608 3742 ex
631 3688 728 3760 quibus
754 3708 850 3744 norem
876 3691 1041 3746 consiliariis
1090 3697 1234 3760 pmpterea
1253 3689 1283 3740 in
1301 3703 1403 3742 camera
1424 3690 1566 3758 denegatos
1588 3685 1674 3740 fuisse
1693 3686 1858 3756 praejudicto

273 3771 400 3844 princeps
417 3781 562 3826 correntes
579 3773 675 3842 (uude
693 3775 761 3827 male
779 3785 868 3830 contra
885 3789 1040 3846 expressum
1088 3773 1204 3828 adducto
1220 3771 1314 3840 probat
1332 3772 1475 3843 lleinking.
1494 3773 1528 3826 de
1544 3770 1650 3843 regim.
1663 3771 1752 3826 Serui.
1763 3781 1789 3823 et
1802 3773 1858 3824 Ee-

271 3865 374 3911 tertum
392 3858 416 3912 0
434 3857 464 3912 C.
483 3856 637 3911 facultatem
656 3859 777 3928 eligendi
795 3859 912 3928 judicem
936 3875 970 3912 ex
994 3859 1038 3914 bis
1088 3858 1122 3912 cl·
1137 3857 1156 3911 1.
1173 3867 1196 3909 2.
1211 3856 1297 3911 etms.
1318 3865 1343 3906 t.
1363 3874 1386 3908 e.
1406 3867 1431 3909 a.
1450 3875 1478 3910 ιι.
1498 3864 1541 3910 ts.
1560 3856 1634 3909 Hinc
1647 3855 1695 3926 jus
1714 3859 1855 3911 Rerortur.

272 3958 368 3996 uorem
387 3941 550 3998 consiliariis
567 3942 655 3998 actori
671 3943 767 3998 tribuit
780 3943 1036 4014 corrupturum.
1089 3941 1216 3996 tribuitur
1235 3940 1407 4010 Imperatori,
1432 3941 1463 3993 id
1488 3950 1528 3994 est
1551 3955 1685 3993 summum
1704 3940 1854 4012 imperium

276 4025 410 4080 Cumeml.
428 4026 474 4080 lib.
493 4038 514 4080 t.
529 4025 570 4081 tit.
589 4036 614 4079 t.
631 4045 655 4081 c·
676 4039 701 4081 2.
716 4049 743 4101 p.
764 4049 798 4082 ιιι.
820 4029 885 4098 st.)
911 4028 941 4080 in
965 4027 1038 4097 judi·
1088 4027 1147 4080 siue
1164 4023 1350 4096 prosecutione
1368 4022 1514 4079 Wilbelm.
1538 4021 1639 4080 Becker
1662 4040 1778 4096 cynopa-
1794 4025 1854 4096 jur.

271 4124 331 4160 cem
348 4107 439 4176 eIIgit,
457 4125 546 4164 coram
562 4127 616 4180 quo
633 4109 730 4182 reliqui
747 4122 808 4166 octo
820 4119 955 4182 praestant
968 4113 1038 4179 jura·
1088 4111 1171 4168 Patr.
1190 4122 1215 4163 2.
1232 4129 1256 4164 ο.
1276 4121 1301 4163 t.
1319 4130 1347 4165 ιι.
1370 4123 1393 4163 ι.
1411 4110 1530 4164 Cesseret
1545 4127 1608 4180 ergo
1623 4112 1696 4166 ratio
1721 4113 1855 4169 inductiva

274 4199 410 4254 menturae
428 4199 456 4243 et
472 4191 531 4262 ipse
547 4192 628 4260 judex
644 4194 741 4250 eleetm
758 4195 858 4248 iterum
882 4209 970 4246 coram
994 4210 1036 4248 se·
1087 4196 1285 4264 lustregerum,
1303 4193 1407 4248 scilicet
1424 4202 1454 4247 ut
1470 4193 1591 4266 pluribus
1608 4195 1743 4250 instantiis
1763 4197 1854 4254 Status

271 4276 350 4328 niore
366 4289 400 4328 ex
418 4273 462 4327 bis
478 4285 539 4329 octo
554 4277 677 4346 jurabit,
701 4295 729 4332 se
746 4278 778 4331 iu
801 4295 878 4331 causa
901 4278 1037 4348 proposita
1085 4279 1196 4350 imperii
1215 4275 1376 4348 gauderent,
1395 4277 1465 4331 etsi
1489 4278 1519 4330 iu
1541 4277 1643 4348 judIcio
1663 4278 1852 4350 lustregarum

271 4369 340 4416 recte
357 4368 385 4414 et
401 4360 548 4414 secuudum
566 4361 653 4432 partis
680 4363 819 4436 utriusque
842 4363 900 4430 jura
925 4359 1035 4416 deducte
1086 4380 1116 4417 ιο
1130 4372 1248 4432 granatos
1267 4361 1402 4426 mutiunt,
1419 4361 1454 4414 ad
1473 4379 1606 4416 mmeram
1629 4379 1765 4418 recurrere
1791 4382 1853 4436 pos-

268 4445 445 4516 judicaturae
466 4446 506 4499 Ut
520 4463 581 4501 vero
597 4447 686 4503 omnis
703 4445 824 4517 suspicio
848 4443 1034 4516 partialitetis,
1085 4456 1154 4504 seut
1174 4446 1264 4502 litero
1280 4463 1343 4501 sero
1359 4455 1498 4516 respectu,
1522 4445 1547 4500 si
1573 4447 1721 4516 Imperator
1743 4463 1798 4500 nou
1827 4463 1856 4506 us

270 4530 312 4583 uti
324 4529 475 4601 loquuntur,
488 4530 572 4600 absit,
583 4533 731 4603 juramenti
744 4532 881 4586 viunrlum
894 4547 946 4600 qrso
959 4531 1036 4602 priu·
1085 4531 1247 4602 Imperetur,
1265 4528 1311 4584 sed
1329 4541 1358 4585 rt
1374 4529 1500 4602 priuceps
1517 4529 1627 4602 imperii
1644 4528 1828 4586 consideretur
1843 4573 1852 4599 ,

269 4613 326 4680 cipi
345 4631 390 4668 suo
407 4613 548 4682 obstrictI,
566 4618 644 4688 prius
662 4615 844 4672 relaxandum.
866 4624 890 4666 2.
904 4611 934 4668 Si
948 4629 1036 4666 oorsru
1085 4616 1177 4685 utique
1194 4613 1276 4684 judex
1294 4615 1485 4684 Austrcgarum
1508 4613 1648 4669 constituti
1664 4623 1769 4684 potest,
1788 4626 1855 4671 teste

269 4707 306 4750 tot
323 4699 486 4752 consiliariis
505 4701 585 4756 actori
604 4701 711 4772 litigare
729 4699 913 4772 displicuerit,
932 4707 1036 4769 septem
1087 4697 1348 4769 &battuentem
1366 4701 1402 4754 de
1418 4700 1548 4771 Amoeg.
1564 4699 1603 4753 ct.
1622 4707 1647 4750 t.
1664 4697 1704 4752 iit·
1717 4717 1735 4752 ο
1757 4697 1851 4770 infin.

269 4783 312 4836 rel
328 4781 445 4852 quiuqm
462 4799 495 4836 ex
513 4785 557 4838 bis
574 4786 690 4854 eligere,
708 4805 738 4840 ac
753 4786 831 4839 litem
849 4780 968 4854 praelato
979 4800 1036 4836 ιοο-
1084 4783 1157 4836 ilinc
1173 4782 1248 4837 euim
1266 4783 1430 4838 obstaculum
1449 4793 1526 4838 autea
1551 4783 1720 4858 propositum
1740 4795 1851 4852 cessate

270 4864 304 4920 do
319 4861 403 4918 linire
424 4863 526 4918 licebit.
546 4879 571 4918 ι.
591 4867 720 4939 Princeps
738 4877 882 4923 conventus
900 4865 1036 4940 priucipes
1084 4865 1190 4938 quaudo
1207 4867 1281 4922 enim
1300 4867 1462 4939 Imperetur,
1481 4866 1528 4924 aed
1544 4878 1678 4940 tamquam
1689 4866 1743 4922 dur
1753 4869 1793 4922 rel
1805 4887 1850 4925 cu·

268 4960 325 5008 tres
342 4948 425 5014 alios,
443 4950 513 5004 nulli
526 4951 645 5022 partium
657 4953 858 5008 uecessitudIne
870 4952 970 5022 junctos
983 4966 1032 5004 uo·
1086 4967 1145 5004 mes
1162 4953 1324 5008 ιοοιοιιιίιιιι
1342 4953 1463 5021 tulisset,
1483 4953 1638 5010 conceditur
1661 4953 1800 5025 appellatio
1817 4955 1852 5010 ed

266 5036 372 5090 minare
390 5033 482 5100 debet,
500 5051 535 5089 ex
552 5035 649 5107 quibus
667 5049 740 5092 actor
757 5037 876 5108 judicem
890 5036 983 5106 eligat,
1001 5033 1035 5090 ad
1086 5035 1256 5090 ordinarium
1275 5038 1462 5111 appellationis
1479 5038 1603 5108 jadicem.
1621 5037 1723 5093 Bartol.
1736 5037 1765 5091 in
1779 5041 1811 5092 L.
1828 5052 1851 5093 t.

266 5119 374 5176 ductum
394 5123 425 5174 0.
447 5122 476 5176 C.
496 5123 531 5176 Ρ.
551 5131 576 5173 2.
595 5132 614 5172 t.
634 5133 658 5174 r.
679 5132 703 5175 t.
724 5119 803 5177 letor
817 5121 1034 5176 commissarium
1085 5128 1107 5184 ς.
1125 5121 1230 5192 siquis
1248 5141 1276 5176 ιι.
1299 5135 1340 5177 ιι.
1348 5121 1391 5193 ff.
1411 5125 1446 5178 de
1463 5123 1561 5198 appell·
1578 5121 1648 5194 quod
1665 5121 1696 5174 in
1709 5121 1850 5192 generead

266 5223 300 5258 ea
319 5207 497 5260 Praelatorum
515 5206 555 5261 sel
574 5206 697 5262 comitum
710 5206 806 5262 ordine
818 5205 851 5262 ab
863 5208 1034 5278 imperatore,
1082 5221 1157 5275 reges
1168 5205 1285 5276 applicat
1304 5207 1468 5278 sigismund.
1488 5207 1596 5264 scaccis
1619 5207 1665 5262 tr.
1678 5205 1711 5259 ele
1722 5207 1847 5276 appeller.

268 5301 359 5344 aureo
375 5289 494 5357 absente,
511 5311 528 5345 a
546 5307 607 5362 rege
624 5309 794 5346 romanorum
816 5292 957 5363 impetrare
980 5311 1031 5364 po·
1087 5291 1197 5358 (lauert.
1224 5299 1264 5342 ts.
1288 5290 1344 5344 iim.
1367 5305 1390 5344 t.
1409 5311 1438 5346 ιι.
1460 5303 1483 5345 t.
1503 5289 1581 5362 Quod
1597 5306 1658 5343 vero
1675 5288 1715 5340 ita
1732 5286 1781 5340 sub
1797 5286 1846 5338 du-

265 5383 327 5432 tett
348 5387 371 5428 s.
391 5373 469 5428 lotor
487 5393 583 5430 uorem
597 5377 667 5433 viros
680 5375 799 5449 egregios
817 5375 982 5447 nominabit,
998 5393 1031 5432 ex
1081 5374 1150 5448 plici
1167 5383 1292 5448 respectu
1309 5377 1473 5442 considerari
1492 5378 1577 5451 possit
1595 5377 1749 5447 Imperator,
1763 5371 1847 5428 abuu-

325 5523 332 5535 ι
372 5459 477 5532 septis·
496 5461 558 5519 Vct.
575 5465 601 5516 1.
1556 5471 1589 5520 to
