4404 6274
489 540 558 594 stri

415 633 575 692 Peristdnss
592 630 731 706 quomedo
747 629 961 690 dedincsdesti
979 651 1008 688 s·
1029 643 1073 686 ιι.

417 722 570 794 Bssmple.
589 738 619 774 s.
637 731 680 773 sc.

364 976 374 1018 t
414 891 451 1028 J
454 965 495 1020 usi
512 962 633 1036 queesito
648 959 720 1014 circe
739 956 869 1014 l'ostulitis
885 953 956 1008 ltsud
977 953 1127 1024 incongrue
1139 968 1184 1006 su·

414 1049 525 1120 bjiuibtr
543 1050 632 1112 louis,
649 1053 742 1117 utpote
753 1044 783 1098 iu
794 1062 847 1116 qun
860 1039 927 1096 illud
938 1041 1027 1114 ipsum
1039 1037 1095 1091 ritu
1110 1053 1185 1090 suem

414 1133 524 1190 cessit·
544 1131 598 1202 Qui
616 1128 725 1200 quidem
743 1146 806 1184 cunt
824 1126 912 1180 serius
931 1125 982 1190 sit,
1002 1121 1104 1176 teriam
1120 1137 1184 1190 quo·

413 1236 466 1292 que
482 1216 723 1274 considerationum
748 1212 877 1268 admittet.
904 1211 936 1264 lu
961 1207 1071 1282 proptio
1095 1205 1185 1258 exitui

415 1320 502 1376 pusse,
515 1299 646 1356 iustalitie
663 1299 753 1354 nullus
769 1297 903 1367 ambiget,
921 1311 982 1350 cusu
996 1293 1110 1364 quisque
1127 1307 1188 1362 pro·

414 1385 491 1460 pries
509 1384 551 1438 rei
569 1381 719 1440 moderetur
738 1382 776 1436 sit
793 1391 822 1436 et
840 1379 942 1432 erbitcr
951 1415 962 1444 ‚
980 1387 1008 1432 et
1030 1377 1116 1446 legem
1134 1375 1187 1428 im·

414 1487 516 1542 ponere
529 1467 621 1540 ‚possit
638 1465 679 1520 rei
697 1482 774 1532 sues,
793 1482 872 1536 quum
891 1463 973 1517 aelit:
996 1461 1035 1516 its
1055 1471 1144 1514 tamen
1162 1458 1185 1514 si

416 1555 569 1612 dominium
587 1553 674 1626 ipsius
692 1553 762 1608 circs
781 1553 867 1608 locum
886 1551 964 1604 illurn
978 1567 1033 1604 non
1046 1548 1085 1603 sit
1096 1547 1188 1604 restri-

416 1650 499 1694 ctum.
518 1641 577 1710 Quo
594 1639 682 1712 pceitn
701 1637 729 1692 id
748 1636 914 1710 praeprimis
926 1637 1071 1708 egendumr
1084 1653 1136 1706 qno
1147 1635 1187 1689 lo-

365 1733 380 1778 s
417 1739 464 1778 cus
487 1733 566 1795 aptus
591 1734 619 1777 ιι
640 1722 789 1779 destinante
805 1723 849 1776 tati
873 1723 948 1792 operi
973 1721 1096 1790 eligetur.
1122 1719 1188 1774 Ante

417 1809 509 1864 omnia
526 1825 590 1862 cure
608 1807 728 1862 lttbeuds
748 1805 906 1862 salubritatis
923 1805 1008 1873 serie,
1021 1823 1104 1876 quum
1117 1804 1188 1858 nihil

419 1894 542 1948 homines
561 1893 646 1963 mgis
665 1889 774 1949 sdficiet
792 1887 945 1960 inficiatque
957 1907 1036 1958 quum
1048 1905 1109 1952 aer,
1128 1887 1189 1941 red·

418 1977 461 2034 ‹ltt
478 1979 552 2032 enim
571 1979 673 2032 tiraces
698 1993 781 2048 purus
806 1992 834 2026 uc
857 1972 982 2038 subtilis,
1006 1971 1052 2026 sed
1078 1969 1189 2025 suffocet

367 2075 381 2116 ι
419 2077 530 2118 creseus.
549 2060 663 2116 contsn
682 2078 744 2114 rsro
761 2057 794 2112 ed
814 2060 884 2112 aeris
903 2056 1090 2111 salubritatem
1102 2053 1188 2107 mcxi·

417 2163 462 2200 tue
474 2145 525 2198 loci
538 2145 729 2204 commoditate
742 2159 822 2212 quern
838 2145 867 2194 iu
879 2141 1027 2196 condendis
1039 2143 1135 2194 cestris
1147 2139 1190 2192 in·

418 2229 529 2296 degere,
541 2239 566 2282 et
578 2227 712 2298 preesidia
724 2226 791 2278 loeis
801 2225 962 2298 opportunis
980 2223 1122 2294 disponere
1134 2224 1188 2276 sitt-

416 2310 517 2382 qularis
535 2311 689 2380 prutenute
708 2317 736 2362 et
754 2309 877 2362 solertius
899 2324 957 2362 esse
980 2305 1096 2358 ducitur.
1125 2305 1187 2356 Pro·

418 2404 489 2450 eteut
507 2394 594 2448 serice
615 2393 649 2447 dc
670 2393 818 2446 commodis
843 2403 872 2446 et
897 2389 1078 2446 incommodis
1096 2405 1188 2454 eccum

417 2481 577 2546 murtiae,
594 2497 708 2550 quarunt
727 2478 887 2542 nonnullus,
899 2475 1059 2548 posthabitis
1071 2473 1134 2526 aliis
1148 2487 1189 2526 ιι-

417 2565 546 2636 quisitis,
564 2582 631 2635 quse
649 2564 789 2707 Ἑξηάιιι
807 2561 959 2618 Dietesicus
984 2561 1017 2616 de
1043 2557 1192 2614 munitior.

419 2669 448 2704 ts.
471 2662 495 2704 t.
512 2652 551 2704 tls.
573 2661 595 2701 t.
614 2660 642 2706 et
719 2651 773 2720 inq.
794 2647 829 2702 de
841 2648 904 2719 J'ure
918 2649 1036 2718 Burgus.
1051 2647 1089 2698 tlt.
1106 2656 1149 2697 ss.
1164 2653 1190 2696 et

418 2748 491 2804 seqq.
518 2743 676 2809 senenseutp
705 2731 836 2789 edducerc
863 2748 959 2802 operes
983 2729 1102 2802 pretium
1128 2744 1188 2782 cen·

419 2831 517 2870 ιιιιιιιι.

369 2909 385 2952 ι
457 2900 588 2974 Equidem
608 2902 637 2956 in
656 2902 746 2957 medio
764 2904 881 2974 regionis
900 2914 929 2958 nt
948 2902 1082 2972 erigentur
1107 2897 1190 2952 iorts·

421 2985 497 3051 litis,
514 2989 664 3044 consultum
683 2987 847 3056 iudicemus;
868 2999 941 3050 tum.
965 2997 997 3040 ut
1021 2985 1139 3040 hostium
1164 2985 1191 3037 ti

420 3075 564 3143 ingruente
582 3074 720 3128 commode
745 3091 773 3129 se
799 3075 829 3128 iu
854 3074 901 3128 ilis
925 3081 1065 3146 penetrare
1087 3072 1191 3126 incolae

421 3157 543 3230 possint,
564 3168 620 3212 tuut
638 3171 668 3214 nt
685 3159 815 3230 Princeps
834 3167 940 3215 exortus
959 3158 1128 3212 subditorum
1149 3173 1191 3210 re-

370 3251 384 3292 s
421 3240 553 3296 belliones
569 3258 601 3296 so
618 3239 723 3296 facilius
741 3241 832 3314 sopire
843 3251 929 3312 quest·
943 3239 1022 3298 Certe
1035 3259 1095 3295 cum
1112 3243 1192 3296 Priu-

422 3325 498 3395 cipes
516 3327 546 3378 in
564 3323 654 3380 medio
672 3325 869 3396 provinciarum
888 3325 964 3380 sedes
981 3325 1098 3396 eligunt,
1117 3338 1193 3382 uteo

422 3409 521 3464 melius
540 3427 567 3464 se
579 3409 790 3482 proximioribus
804 3419 831 3464 et
844 3413 972 3464 extremis
985 3411 1193 3479 communicent,

423 3496 541 3566 slicuum
559 3514 574 3549 e
593 3497 697 3550 cutione
715 3493 814 3561 luerit,
833 3495 899 3550 ltnec
917 3496 973 3550 locs
1000 3495 1087 3550 intutu
1105 3496 1192 3550 reliu-

425 3597 523 3652 qucscr
541 3597 602 3633 cum
621 3579 650 3632 in
670 3579 706 3633 iis
720 3590 771 3633 tota
785 3579 956 3650 Reipublicae
969 3582 1039 3634 sulus
1052 3580 1194 3648 subsistat,

426 3665 562 3736 siquidem
581 3665 674 3735 cupite
691 3663 822 3719 societatis
841 3663 975 3729 extincto,
994 3663 1114 3718 membre
1131 3684 1196 3736 quo·

432 3769 483 3824 que
501 3751 534 3804 ed
553 3751 695 3805 interitum
713 3767 790 3806 ruere
807 3762 910 3807 certum
929 3761 979 3806 est.
997 3751 1064 3806 Cum
1073 3769 1134 3808 sero
1152 3771 1194 3807 se·

428 3837 475 3891 des
492 3853 586 3905 sepum
599 3847 624 3890 et
638 3837 797 3907 Principum
810 3838 998 3907 utplurimum
1011 3837 1196 3908 mspnitudiue

427 3935 545 3980 cactcres
562 3925 685 3978 civitates
702 3923 872 3990 antecedent,
891 3939 1022 3979 remotem
1036 3924 1144 3994 injiciet
1151 3945 1196 3982 re·

427 4011 519 4065 stitus:
538 4027 603 4080 quse
620 4027 673 4063 ncn
693 4010 766 4064 incili
785 4009 893 4080 negotio
911 4009 1044 4064 embitum
1055 4009 1194 4078 sdmittit,

428 4111 478 4148 nec
496 4096 594 4164 justam
614 4093 797 4150 defensionem
811 4095 960 4167 pollicetur.
973 4094 1142 4150 Contserium
1158 4105 1195 4149 ts·

428 4195 490 4234 meu
510 4177 612 4234 dudum
631 4181 712 4235 euicit
728 4179 910 4251 experientier
923 4181 1021 4236 turritos
1032 4179 1066 4234 eb
1078 4179 1196 4236 obsidiu-

427 4283 462 4322 tte
480 4265 634 4320 eorumdem
651 4272 724 4320 ercet
741 4281 897 4320 numerosus
917 4265 1009 4334 miles,
1020 4267 1067 4338 qui
1081 4266 1195 4324 circum·

428 4351 566 4404 tollaticni
583 4346 772 4421 spplicaudue;
789 4366 856 4419 quae
875 4349 899 4402 si
916 4367 971 4406 uon
988 4368 1021 4404 ex
1040 4369 1123 4424 sequo
1139 4371 1196 4408 em·

427 4435 484 4492 bist
500 4435 610 4500 urbem
635 4431 739 4488 obsessi
759 4432 812 4489 alie
837 4444 913 4504 peste
935 4448 1092 4508 emmputtt;
1110 4447 1196 4492 cestre

428 4519 576 4592 diripiunt,
596 4520 750 4588 bostmue
767 4519 798 4572 iu
824 4517 996 4574 fabricatione
1020 4519 1149 4578 iusserunt
1169 4531 1196 4577 et

428 4606 624 4677 oppugnatione
643 4603 810 4675 impediunte
835 4606 879 4659 cui
904 4605 944 4660 rei
968 4605 1081 4660 insertis
1103 4607 1195 4660 multi-

429 4687 493 4744 tudo
511 4687 651 4740 bominum
661 4731 670 4753 ,
682 4705 748 4760 quse
761 4689 825 4744 huic
838 4690 945 4760 negotio
957 4689 1079 4763 adepturi
1091 4701 1194 4762 potest:

429 4773 500 4845 quod
519 4773 543 4826 si
561 4772 669 4830 demum
686 4775 807 4830 estudem
825 4775 879 4830 sibi
898 4776 1058 4846 subingerit,
1073 4785 1195 4850 sumptus

429 4873 516 4916 temen
534 4857 563 4911 in
582 4861 806 4931 oppugnationem
819 4858 902 4914 lectos
915 4857 1028 4914 ctttictn
1039 4871 1157 4932 repetet,
1167 4872 1198 4916 ιιι

429 4948 493 5004 binc
505 4947 664 5013 musultius,
674 4948 785 5018 esignte
797 4948 992 5018 magnitudinis
1000 4949 1111 5006 castello
1121 4965 1197 5006 eses-

429 5033 514 5089 citum
533 5033 679 5090 edmosere·
697 5033 730 5087 Et
745 5033 866 5104 quemvis
884 5031 970 5086 bostis
992 5033 1101 5094 eosdem
1125 5034 1198 5091 issue

430 5137 554 5193 premere
571 5127 667 5192 queat,
684 5117 820 5174 esitsbuttt
838 5125 928 5173 ιιιιιιιι
945 5116 1063 5189 idipsam
1083 5119 1108 5174 si
1127 5123 1197 5190 jusu

431 5222 535 5260 sunone
554 5195 762 5258 sint'iustructi·
781 5199 859 5271 Quod
872 5199 896 5253 si
911 5197 978 5252 illusi
997 5200 1066 5270 ipsis
1082 5201 1198 5270 desepe-

431 5299 501 5355 turo,
519 5287 675 5362 prostebunt
692 5285 819 5340 nonnulle
836 5285 893 5338 loce
909 5286 1042 5339 immunis
1053 5287 1197 5340 ecircum·

432 5374 588 5444 relletioue,
606 5389 719 5446 quorum
736 5387 788 5444 cpe
803 5378 832 5424 ιι
847 5369 948 5424 rictum
965 5377 994 5425 ιι
1007 5371 1098 5442 copies
1108 5370 1197 5425 subsi-

430 5457 530 5516 disrles
548 5480 563 5516 s
582 5460 682 5518 ricinis
699 5458 837 5532 acquirere
849 5464 979 5528 poterunt
992 5453 1097 5511 sumt
1108 5472 1199 5512 ιιιιιι·

955 533 1146 593 uterum.
1163 533 1260 591 ult.
1277 531 1395 588 citur
1411 531 1459 588 Π.

1869 520 1938 576 snb

1232 633 1275 703 pie
1294 631 1433 684 civitatum
1451 621 1816 686 semianimum,
1832 621 2004 692 δικιιυςὶ,

1233 717 1340 782 Ulcere,
1354 713 1547 784 Nosimbsrgee
1557 749 1566 778 ,
1578 709 1771 772 Vsetielssise,
1784 707 1916 770 tutent,
1929 704 2008 760 Ceiu-

1233 799 1485 868 eissrllsmbetsis
1503 814 1571 870 tw
1594 796 1726 866 inp-un
1750 790 2005 864 wmffim

1235 886 1355 942 butiutu
1370 896 1399 938 ιι
1414 882 1612 944 metuerunt.
1633 887 1664 932 ιι
1678 877 1828 930 liberem
1844 883 1943 928 mrum
1961 883 2008 926 b-

1232 980 1356 1042 esemque
1367 963 1576 1024 emerunt-rid.
1585 965 1721 1018 Interesse
1730 975 1791 1012 ense
1801 954 1932 1012 Helisnd
1944 972 1968 1010 c
1980 965 2007 1008 e.

1236 1053 1360 1118 sentit,
1378 1050 1448 1122 qaod
1465 1049 1541 1104 ttiscc
1557 1045 1711 1102 miserico
1730 1041 1910 1112 sijup-ntor
1931 1039 2001 1094 cite·
2041 1049 2056 1090 ι

1236 1142 1332 1204 delites
1349 1155 1418 1209 quse
1434 1135 1551 1190 bostium
1569 1141 1598 1186 st
1615 1127 1805 1184 natantum
1822 1123 1961 1178 endsciese
1973 1141 2006 1178 ee

1237 1226 1343 1281 lucilius
1359 1221 1504 1278 scierunt.
1515 1222 1684 1292 Qnmqtess
1701 1225 1729 1270 et
1745 1213 1779 1266 als
1797 1210 1950 1265 eumdem
1963 1225 2011 1264 ιι-

1237 1310 1371 1366 unctione
1387 1305 1528 1361 nouudlns
1545 1301 1672 1358 restricte
1690 1295 1913 1354 ιιιιιιιιάοιιιιι
1927 1293 2012 1349 lihes-

1236 1407 1291 1460 tes‚
1308 1405 1338 1448 ιι
1356 1393 1420 1447 iede
1436 1392 1564 1446 edseesns
1588 1383 1735 1456 oppidum·
1754 1380 1866 1436 ⁶·ch
1891 1379 2011 1433 suffitu!

1237 1482 1313 1534 risse
1328 1486 1438 1531 exortas
1454 1473 1615 1528 dimoveant.
1630 1470 1819 1537 immutent
1839 1471 1938 1535 putant
1954 1479 2013 1518 ess·

1236 1561 1306 1616 dem
1318 1575 1375 1614 csse
1395 1557 1550 1628 Principem
1568 1551 1741 1626 populonium
1759 1546 1826 1604 idei
1852 1547 1922 1602 bsud
1940 1547 2009 1602 setis

1238 1643 1334 1710 fideres
1353 1641 1476 1712 superesi
1494 1639 1615 1694 subditus
1639 1636 1761 1708 iniqasse
1780 1632 2012 1696 contestinum.

1238 1729 1343 1804 quoties
1360 1745 1449 1784 ercetn
1468 1725 1552 1780 veluti
1571 1723 1678 1794 siqettut
1700 1717 1853 1790 tyrmnidis
1876 1717 2015 1772 inmersu-

1241 1827 1295 1879 turr
1315 1813 1394 1884 injici
1414 1810 1479 1864 bisc
1496 1808 1595 1864 iisdem
1608 1821 1643 1860 ιι
1656 1814 1734 1878 perte
1746 1801 1941 1874 impenditur
1951 1819 2011 1856 ets·

1238 1909 1294 1952 tun
1313 1908 1342 1950 ιι
1357 1893 1526 1965 compactas
1545 1891 1681 1944 libertatis
1697 1887 1889 1958 neptricum
1911 1885 2014 1956 mitto

1238 1981 1324 2052 siquis
1342 1981 1451 2032 ellectos
1468 1977 1587 2034 estimem
1600 1973 1747 2029 alienetnet
1762 1988 1777 2024 s
1790 1968 1919 2038 Principe
1934 1968 2010 2026 bee-

1238 2083 1284 2132 res
1303 2066 1338 2120 ita
1355 2063 1481 2137 quidem,
1499 2070 1531 2114 ut
1548 2071 1618 2114 certo
1635 2055 1788 2130 pssesqire
1806 2047 2006 2118 licestrflssltlll¹

1239 2149 1310 2202 bunc
1324 2158 1353 2202 ιι
1370 2155 1490 2200 creemur
1502 2159 1638 2207 eruorem,
1651 2139 1698 2193 ubi
1711 2137 1832 2210 primunt
1844 2138 1972 2210 potuerit,
1983 2138 2016 2192 'tn

1238 2241 1361 2303 spectum
1378 2230 1472 2284 odium
1489 2238 1658 2300 empturum
1679 2223 1834 2280 liuttere
1847 2221 2017 2296 pesciledei·
2072 2237 2077 2246 ·

1239 2317 1279 2370 les
1295 2313 1406 2370 excinri
1423 2309 1608 2366 diffidentium
1621 2349 1631 2378 ‚
1646 2317 1820 2362 conservetur
1843 2307 1936 2380 pctiae
1953 2325 2015 2361 sse·

1241 2413 1302 2458 tuns
1318 2419 1410 2467 meur,
1428 2412 1454 2457 et
1477 2401 1594 2456 excitate
1619 2393 1781 2453 diffidentie
1806 2395 1888 2450 l'ecile
1915 2398 2017 2454 utitur

1240 2498 1319 2558 etque
1337 2487 1475 2542 stertitur.
1493 2486 1529 2538 lit
1547 2485 1611 2538 licet
1627 2499 1704 2538 sutor
1723 2481 1822 2537 civium
1846 2483 2015 2555 inexpugna.

1241 2574 1295 2628 bile
1307 2583 1447 2628 nestseetur
1460 2572 1674 2636 munimentum
1690 2569 1807 2626 intutum
1819 2579 1909 2624 tstneu
1922 2570 2017 2636 fuerit.

1240 2658 1270 2712 iu
1295 2659 1383 2730 specie
1412 2657 1515 2712 emeris
1540 2657 1708 2726 acquiescere
1733 2655 1820 2717 selles
1846 2657 1966 2713 marine
1993 2661 2018 2714 si

1240 2741 1334 2796 odium
1353 2743 1457 2798 enimes
1480 2742 1649 2798 subditurum
1670 2749 1699 2794 ιι
1722 2737 1879 2810 ἆιᾱίςιιιιίο
1902 2743 2017 2814 parendi

1241 2828 1395 2892 intrescritt
1412 2840 1470 2883 turu
1488 2829 1563 2882 enirn
1583 2827 1627 2880 itis
1646 2825 1775 2896 neglectis
1792 2825 1865 2879 uiltil
1880 2825 1957 2882 alind
1977 2845 2019 2881 es·

1242 2921 1299 2978 ιιι,
1320 2929 1401 2984 quera
1419 2915 1502 2969 ritem
1521 2911 1610 2966 odisee
1627 2921 1656 2966 et
1681 2928 1711 2966 ιι
1734 2911 1842 2984 prirae'e
1865 2909 2018 2977 ueritate.

1242 3001 1324 3051 lderc.
1337 2999 1419 3052 Ζιιι.
1430 2997 1564 3052 Borbom.
1583 2993 1717 3068 dr'squisit.
1734 2995 1812 3065 polsi,
1831 3013 1888 3052 ess·
1908 3009 1934 3050 ι.-
1950 2997 2017 3052 Pro.-

1243 3080 1306 3136 inde
1324 3097 1384 3135 cum
1403 3092 1430 3136 ιι
1443 3079 1788 3136 coercendaesubditormu
1801 3080 1919 3137 melitite
1927 3093 1956 3137 et
1968 3085 2020 3137 tui·

1245 3168 1314 3222 licui
1331 3168 1433 3222 cisium
1453 3167 1620 3234 inservient,
1640 3165 1737 3220 unito
1756 3165 1866 3226 eusdem
1888 3167 2019 3242 Pn'noqsa

1244 3253 1350 3324 msqnis
1367 3251 1523 3307 ciritstibus
1542 3249 1677 3322 adjunget.

1281 3341 1314 3394 lu
1329 3337 1465 3392 limitibus
1482 3337 1524 3393 rei
1541 3336 1602 3391 ideo
1620 3332 1790 3390 condecibile
1806 3333 1905 3402 inerit,
1925 3335 2015 3394 tom.

1246 3422 1304 3478 litis
1321 3424 1424 3490 locere,
1442 3422 1514 3495 quod
1525 3421 1557 3477 iu
1568 3421 1667 3478 iisdem
1680 3419 1783 3476 inculte
1794 3422 1913 3476 boeium
1926 3423 2022 3479 incer»

1246 3508 1368 3562 sionibus
1388 3505 1445 3562 sint
1462 3506 1596 3578 sepositi,
1613 3503 1736 3577 equibus
1749 3504 1913 3572 Ιίιιιιιιιιιιι,
1928 3507 1954 3562 si
1966 3511 2023 3564 lnce

1246 3593 1337 3648 edsint
1354 3595 1469 3659 munite,
1487 3607 1549 3646 cum
1574 3605 1609 3646 ιι
1632 3590 1706 3646 bisce
1731 3589 1817 3644 simili
1842 3590 1922 3644 modo
1944 3609 2023 3662 agros

1247 3677 1367 3732 hostium
1385 3677 1520 3732 decesisse
1537 3676 1625 3729 liccat.
1646 3673 1762 3728 [iritum
1779 3689 1841 3729 sesto
1861 3691 1922 3728 esse
1941 3677 2022 3730 Prin-
2059 3677 2088 3731 st

1248 3763 1304 3834 cipi
1323 3779 1440 3826 summo,
1458 3761 1488 3814 in
1506 3755 1785 3824 tribuentium,
1803 3758 1891 3830 liquet
1905 3760 2023 3828 exinde,

1245 3846 1315 3920 quod
1335 3846 1473 3918 Principis
1490 3843 1520 3898 in
1535 3845 1672 3899 territorio
1685 3851 1843 3916 potestatem
1854 3843 1957 3915 priseti
1970 3865 2020 3918 po·

1248 3939 1329 3986 ιιιιιι
1346 3929 1416 3984 hund
1434 3945 1594 4000 exsequere.
1613 3929 1699 3984 multo
1719 3928 1811 3984 minus
1827 3947 1955 4002 superare
1972 3931 2020 3986 de·

1246 4015 1321 4070 beet:
1342 4017 1394 4085 iarn
1414 4026 1500 4070 eutem
1519 4014 1621 4086 prireto
1643 4013 1773 4085 competit
1795 4013 1906 4070 libentes
1924 4016 1956 4070 iu
1974 4035 2022 4074 suo

1246 4099 1420 4166 aedificandi,
1438 4099 1542 4155 etiamsi
1559 4098 1665 4154 ricinus
1683 4095 1792 4170 aliquod
1804 4097 1933 4153 demuum
1959 4102 2029 4158 inde

1247 4184 1348 4240 sentiet.
1365 4185 1386 4237 l.
1406 4193 1448 4236 et.
1466 4179 1532 4252 cs.
1543 4181 1567 4236 ,1.
1589 4191 1633 4236 ιι
1641 4179 1684 4253 ff.
1699 4180 1734 4236 ds
1746 4180 1841 4236 dama.
1853 4179 1951 4251 ἕψει.
1961 4185 1981 4236 l.
1999 4199 2023 4239 ι.

1245 4277 1267 4333 ς.
1290 4279 1332 4324 ts.
1349 4268 1368 4321 1.
1384 4265 1472 4338 suff.
1485 4265 1519 4321 de
1530 4285 1575 4338 cq-
1587 4266 1659 4332 plue.
1678 4263 1790 4320 ascend.
1801 4263 1887 4337 Ncqet
1897 4268 2025 4340 idipsum

1248 4353 1388 4410 bibericus
1399 4351 1523 4407 Gentilis
1540 4349 1575 4404 de
1589 4350 1657 4422 jan
1674 4348 1743 4404 istst
1756 4349 1776 4404 i.
1794 4363 1819 4404 ι.
1837 4369 1861 4406 c·
1882 4364 1927 4408 ιι.
1946 4357 2023 4426 quod

1247 4451 1333 4496 m
1350 4437 1446 4492 clini!
1463 4437 1539 4490 Udild
1555 4433 1675 4498 hibin,
1690 4433 1756 4489 Μ
1775 4431 1806 4488 h
1826 4451 1898 4502 ms
1923 4440 2022 4494 ldm-

1246 4544 1307 4582 rere
1326 4522 1491 4594 iniustitiem
1512 4518 1608 4590 sapiet.
1630 4521 1731 4574 vnn
1751 4517 1891 4575 enisum
1911 4519 2019 4579 diam-sa
2059 4539 2086 4579 tt

1248 4612 1390 4666 luccesse
1407 4603 1531 4679 quisquis
1545 4601 1629 4659 iecile
1645 4603 1770 4676 eciliqsts
1788 4603 1927 4660 disemum
1946 4609 2022 4664 enies

1247 4694 1331 4751 linem
1349 4693 1496 4748 intendent
1503 4687 1654 4746 aedificetio
1666 4688 1795 4744 fortalilii
1806 4699 1832 4746 et
1843 4690 1969 4748 sdmutio
1976 4713 2022 4750 ce·

1247 4793 1380 4838 strorum:
1400 4779 1448 4831 ille
1466 4774 1666 4840 deimsionsms
1684 4773 1749 4830 besu
1766 4773 1941 4831 hostilitatem
1956 4791 2023 4850 snp-

1246 4866 1332 4940 ponit.
1348 4863 1404 4918 ttae
1419 4857 1510 4916 officit
1527 4877 1561 4914 ιι
1579 4859 1679 4916 iisdem
1695 4857 1786 4916 sisino
1807 4859 1905 4916 denne
1922 4861 2022 4918 islam

1248 4969 1335 5025 posse,
1347 4951 1375 5004 id
1387 4947 1460 5004 euim
1469 4947 1499 5002 iu
1507 4945 1589 5003 dubio
1596 4947 1666 5001 lteud
1677 4948 1912 5020 pemmonem:
1922 4965 2021 5021 (μη.

1247 5035 1389 5092 sdmodum
1406 5045 1438 5090 et
1452 5033 1602 5090 Geminei
1620 5046 1644 5088 ι.
1662 5050 1687 5087 c.
1705 5043 1750 5087 sc·
1768 5051 1797 5086 ss.
1825 5041 1879 5088 lu·
1893 5049 1971 5089 esces
1990 5037 2021 5090 is

1248 5117 1350 5176 beibur
1368 5129 1481 5174 steuctss
1499 5130 1555 5174 tum
1573 5117 1683 5174 ιιιιιιιι
1694 5117 1765 5173 insu
1773 5129 1937 5189 unumst
1944 5123 2022 5192 pecie

1248 5213 1341 5276 ruptec
1357 5201 1454 5270 refert,
1472 5203 1499 5258 si
1515 5219 1572 5260 tm
1593 5202 1703 5268 tecusii,
1725 5199 1778 5256 sesi
1799 5201 1916 5256 nocendi
1932 5206 2021 5274 ‘setis

1248 5285 1403 5344 aedificies
1417 5286 1532 5343 lunius.
1546 5287 1672 5362 &spicio
1689 5286 1774 5359 triste
1789 5297 1817 5344 ιι
1833 5291 2023 5361 procu-ptis

1249 5389 1305 5426 neu
1322 5370 1419 5426 irisde
1427 5369 1575 5441 cepteuds:
1589 5381 1697 5426 constet
1707 5385 1815 5426 ιιιιιιιι
1826 5379 1886 5436 ιιι,
1900 5387 1957 5424 nott
1966 5383 2024 5426 tett-

1252 5463 1311 5510 tum
1330 5455 1365 5510 de
1383 5451 1551 5512 aedificantis
1564 5456 1701 5528 potentis,
1719 5453 1767 5509 sed
1783 5465 1808 5510 et
1826 5453 1982 5523 masmae,
1996 5467 2023 5511 et
