4404 6274
201 592 204 600 ,
255 571 258 579 ·
314 556 383 606 raab

167 659 202 704 rt
241 649 301 706 sieri
319 657 482 723 poluentutr
496 659 528 706 ut
544 659 572 704 et
585 649 674 722 ipsum
693 649 844 720 homagium
859 648 1003 702 inarabie·

234 737 375 809 piscopatu
392 735 612 807 magdaburgensi
636 754 669 790 eo
685 743 789 790 tantam
812 735 923 788 nomine
944 751 1003 788 ese·

235 821 289 892 gitr
309 824 370 877 so.
389 823 498 876 Elector
516 821 797 890 Brandeniturqensis,
816 839 869 890 quo
886 823 1005 875 securior

235 905 270 960 dt
287 905 378 962 tutare
395 905 566 977 possersioue
583 915 645 977 post
654 905 761 958 obitura
775 903 901 960 moderni
914 903 1005 958 celaia·

235 991 301 1046 aitssi
317 991 550 1046 administratoris
566 989 736 1044 redderetur.
959 1053 964 1065 Ι

168 1085 199 1130 ts
247 1102 250 1110 ¹
276 1077 375 1134 Debile
394 1078 484 1148 aliquo
500 1076 580 1130 modo
598 1076 720 1129 diximus
737 1077 782 1144 ina
799 1073 837 1128 ad
851 1090 907 1130 retu
931 1075 1002 1148 qnod

235 1172 393 1234 exspectans
412 1163 507 1228 babetg
526 1163 600 1230 iuxta
619 1161 762 1214 nonnullos
775 1169 879 1226 umen,
893 1161 1002 1232 propria

237 1247 394 1302 auctoritaie
410 1246 606 1320 pouessiouetu
622 1244 769 1316 occupandi
784 1245 884 1299 tribuit
896 1243 1005 1299 iaculis·

237 1341 308 1398 tem,
326 1333 430 1406 dequo
447 1349 504 1404 σῳ.
523 1347 579 1402 aeq.
596 1345 646 1384 use
662 1329 701 1384 ita
719 1329 815 1384 stricte
841 1328 1008 1384 sumendum

229 1427 281 1486 ¹eat
296 1417 382 1482 illud,
401 1428 432 1470 ut
447 1415 556 1470 ossibus
566 1414 657 1484 ipsius
672 1412 830 1485 accipientis
843 1422 950 1468 tantum
962 1414 1004 1466 in·

186 1523 189 1530 ·
237 1499 356 1564 baereat,
376 1499 540 1566 sedetiam,
559 1509 589 1553 nt
607 1491 782 1570 exspectante
807 1498 947 1552 demortuo
969 1499 1005 1551 sd

235 1581 379 1650 haeredes,
396 1594 426 1638 et
443 1599 537 1639 omnes
553 1599 589 1637 er
607 1582 667 1654 ipso
684 1582 879 1637 &madentes
898 1599 1002 1634 maseu-

167 1679 200 1724 ιο
234 1669 276 1725 ios
293 1669 420 1724 continua
437 1668 605 1722 successione
625 1677 798 1738 propagetur3
822 1683 889 1738 quae
914 1664 1005 1736 pranis

237 1762 266 1807 es
283 1755 342 1822 jure
358 1753 409 1807 eir.
427 1761 456 1806 et
473 1752 509 1805 in
521 1752 591 1824 ipsis
610 1751 750 1806 feudorum
767 1750 1004 1806 eonsueuulinibua

128 1881 130 1884 .
237 1845 279 1890 eat
296 1835 422 1904 iuntletat
439 1836 486 1890 bie
503 1837 578 1890 enim
599 1848 622 1890 t.
642 1838 676 1890 Γ.
697 1849 722 1889 s.
741 1853 869 1907 expresse
887 1837 1005 1900 dieitur,

237 1921 424 1977 investiturus
443 1929 471 1975 el
489 1921 663 1976 inrestitoris
682 1923 810 1976 haeredes
829 1925 913 1976 teueri
932 1923 1006 1976 inae·

239 2007 313 2070 atlto,
331 2007 374 2060 rel
392 2005 502 2060 haeredi
520 2007 594 2075 ejus,
612 2005 738 2060 veniente
757 2015 876 2077 tempore
887 2024 933 2061 seu
944 2021 1007 2060 con·

237 2091 349 2146 ditione.
369 2092 405 2144 Et
422 2090 463 2145 ibt
495 2091 675 2146 notissimum»
695 2101 754 2158 est,
776 2110 883 2146 omnem
907 2103 1009 2144 coutra-

238 2188 323 2242 ctttm,
342 2179 544 2234 uiscerationem
563 2185 611 2230 nul
627 2189 733 2248 pactum
745 2179 781 2232 ita
793 2178 953 2232 celebratum
967 2178 1008 2230 in-

243 2265 347 2336 telligi,
360 2275 390 2319 ut
398 2264 526 2320 haeredes
534 2263 706 2318 includantur
712 2265 816 2330 ,etiam
829 2281 920 2320 eorum
933 2279 1010 2316 meu·

241 2351 317 2402 tione
336 2363 390 2403 non
409 2351 496 2416 iacta,
515 2349 572 2403 sire
588 2348 716 2418 obligatio
727 2349 855 2404 consistat
866 2349 895 2402 in
906 2347 1007 2414 dando,

241 2432 299 2489 sire
316 2433 346 2487 iu
365 2431 489 2488 iaciendo
514 2433 533 2486 i.
565 2431 670 2486 Veteris
698 2443 738 2486 22.
765 2431 799 2486 δε
822 2433 958 2488 Contraria
982 2441 1012 2484 et

242 2519 380 2574 Committ.
400 2518 496 2588 Stipui.
515 2517 631 2572 Doneii.
650 2517 800 2572 Euueirut.
811 2516 858 2570 tit.
876 2529 915 2568 tr.
928 2533 954 2570 c·
967 2527 1009 2568 tt·

244 2602 285 2658 lit.
303 2605 339 2658 K.
357 2603 432 2656 Gaii.
449 2603 468 2655 l.
489 2611 513 2654 2.
536 2603 600 2656 Oia.
622 2613 649 2655 2.
666 2621 695 2655 u.
723 2613 764 2656 to·
785 2601 840 2654 lin.
863 2599 1009 2654 Brnnuem.

243 2685 272 2740 irs
292 2695 350 2742 ttct.
366 2687 407 2742 ati
423 2685 503 2757 alleg.
520 2686 539 2739 l.
556 2694 597 2740 tt.
610 2685 652 2738 iis
662 2685 839 2740 consentione
853 2695 938 2740 autem
952 2687 1008 2757 ple-

244 2783 358 2841 rumque
375 2770 511 2842 dependet
529 2769 722 2841 exspectatira:
741 2778 770 2823 et
786 2771 907 2839 quamtis
923 2771 952 2822 in
972 2780 1010 2823 te·

242 2863 375 2908 stamento
393 2871 440 2926 per
458 2855 570 2924 legatum
596 2853 714 2924 relinqui
738 2853 835 2924 possit,
861 2853 901 2905 uti
928 2868 1008 2924 snpra

245 2957 302 3011 cap.
323 2951 347 2992 2.
366 2949 500 2995 assertum
518 2939 657 3002 dedimus,
672 2949 699 2993 et
710 2947 852 3011 propterea
866 2938 1008 3007 legatorum

243 3023 399 3093 qualitatem
418 3023 530 3079 induere
552 3023 708 3090 rideantur,
729 3040 799 3093 qme
821 3033 924 3077 mortuo
947 3032 1009 3076 ante

245 3105 410 3161 conditionis
429 3105 603 3161 existentiam
620 3107 661 3160 sel
673 3105 820 3161 antediem
835 3105 963 3162 incertum
975 3105 1009 3160 le·

244 3190 362 3258 ratario,
381 3190 412 3243 ia
429 3189 555 3245 baeredes
573 3207 627 3246 non
647 3199 783 3245 transeunt
798 3191 818 3244 1.
836 3189 908 3244 anab.
934 3197 958 3253 t.
983 3201 1008 3242 t.

246 3275 273 3329 B.
291 3275 325 3329 de
342 3277 439 3330 codsae.
457 3275 516 3331 toli·
536 3274 581 3330 ob
597 3275 625 3328 id
643 3286 732 3330 tamen
751 3292 804 3330 uun
831 3273 921 3347 perdit
944 3272 1007 3327 oili·

244 3357 317 3412 ciurn
336 3377 414 3414 suum
432 3359 548 3426 decisi03
566 3359 700 3429 siqnidem
719 3370 745 3412 el
763 3361 821 3428 jure
834 3360 884 3412 cir.
897 3375 1007 3412 consen-

244 3441 311 3497 tiunt
330 3443 384 3497 Dd.
400 3443 513 3515 quoties·
524 3460 556 3497 ex
576 3443 664 3515 ipsius
675 3445 713 3497 rai
727 3445 828 3512 legatae
842 3453 935 3496 natura
947 3461 1007 3514 pro·

6 3525 7 3538 ¹
124 3585 125 3590 Ἰ
243 3527 319 3581 seuit
343 3525 485 3590 conditio,
512 3525 640 3598 suspendi
667 3527 775 3598 quidem
798 3527 1010 3598 obligationem,

245 3617 408 3665 nontamen
433 3609 566 3682 impediri
592 3611 671 3681 legati
698 3611 930 3665 transmissionem
954 3610 1008 3664 Dn.

251 3695 337 3749 Strui.
358 3697 436 3766 Syrt-
456 3695 520 3751 Jur.
539 3695 628 3750 Frui.
645 3714 668 3748 c.
689 3707 712 3748 t.
730 3695 769 3748 til.
787 3699 814 3748 t.
831 3713 859 3748 u.
879 3705 904 3746 2.
930 3696 1008 3766 Quod

243 3777 275 3832 in
293 3789 385 3834 nostro
401 3781 540 3852 proposito
556 3779 597 3835 rei
617 3779 677 3832 ideo
695 3779 786 3832 missus
804 3778 933 3844 dubium,
945 3781 1009 3848 quia

244 3861 365 3916 conditio
383 3864 436 3917 ista
454 3864 492 3916 ita
512 3863 660 3918 necessaria
679 3872 738 3928 est,
758 3875 786 3918 ut
807 3863 831 3916 si
857 3862 956 3934 absque
979 3877 1011 3916 ea

245 3945 356 4000 ieudum
374 3965 440 4020 pure
457 3945 632 4012 concedatur,
650 3964 707 4001 non
730 3948 814 4000 valeat
837 3945 1008 4012 investitura,

245 4031 470 4101 quemadmodum
488 4027 552 4102 cap.
577 4031 708 4086 anteriori
731 4031 909 4087 ostendimus.
931 4029 1009 4087 Cotti.

246 4115 354 4168 tiaram.
373 4115 563 4185 Piraeeum.
584 4125 626 4168 ts.
645 4133 674 4168 a.
692 4125 735 4168 es.
754 4127 782 4169 et
800 4127 843 4170 so.

289 4197 381 4254 Cessat
398 4208 487 4253 antem
505 4198 563 4270 spei
581 4197 661 4267 huius
677 4199 847 4254 transmissio
864 4197 895 4252 in
916 4213 1011 4269 esspe-

245 4283 355 4339 ctantiis
371 4279 526 4338 ciliciorum
544 4282 601 4338 siae
619 4282 820 4348 ecelesiasticis3
839 4283 870 4335 in
889 4281 924 4335 iis
937 4283 1010 4334 euim

247 4383 307 4420 cum
326 4365 447 4422 restricta
466 4375 573 4421 maneat
586 4366 745 4421 intentioad
758 4377 855 4421 certam
866 4383 1010 4436 personatu

248 4460 276 4502 et
293 4459 379 4504 certas
397 4447 516 4520 e'pasdem
529 4449 668 4522 qualitates
682 4451 811 4505 transitus
823 4449 855 4503 ad
868 4449 935 4504 alias
948 4447 1011 4504 lieri

251 4534 353 4604 nequit.
368 4551 419 4605 per
435 4531 485 4606 ieg.
499 4533 580 4588 iuter.
594 4531 727 4606 Artifices
741 4543 782 4586 st.
789 4531 834 4604 ff
843 4535 876 4588 tie
888 4535 969 4588 solut.
983 4535 1012 4588 d.

247 4618 268 4671 i.
285 4637 332 4673 un.
351 4623 373 4682 t.
393 4631 418 4671 s.
439 4620 470 4673 C.
489 4619 522 4674 de
540 4619 635 4674 cedar·
654 4619 716 4672 toll.
729 4617 794 4671 tut.
809 4619 929 4673 Romen·
942 4617 1011 4691 ring.

180 4711 212 4755 ts
253 4713 314 4756 rto.
334 4701 472 4756 Industria
490 4702 564 4756 enim
584 4717 696 4772 persona
720 4702 802 4755 electa
820 4707 877 4765 eal,
899 4715 967 4771 qaas
985 4702 1014 4754 in

250 4783 334 4838 dubio
353 4785 382 4838 in
398 4783 526 4839 omuibus
544 4783 657 4854 negotiis
676 4783 856 4854 intelligitur,
874 4784 1015 4854 inquibus

248 4870 363 4924 uertitur
371 4871 509 4942 ingenium
516 4882 541 4926 et
548 4886 599 4924 ars.
607 4869 660 4927 lln.
672 4871 853 4926 Brauneman.
865 4871 895 4927 io
908 4873 1014 4930 Caum.

245 4951 287 5020 ff.
306 4955 345 5008 od
361 4953 379 5006 i.
400 4967 442 5008 tt.
462 4965 489 5010 el
517 4955 623 5008 Corum.
649 4955 719 5010 Coti·
738 4955 777 5010 od
798 4953 824 5027 5.
842 4967 867 5008 s.
884 4955 910 5008 ei.
929 4956 949 5007 i.
967 4973 1016 5011 un.

249 5037 323 5089 liinc
341 5035 405 5090 dnm
424 5055 478 5093 non
496 5057 577 5112 aequa
590 5037 789 5093 dexteritateet
801 5037 959 5093 habitudine
970 5057 1017 5110 pe·

252 5139 344 5189 argere
363 5123 469 5192 possint
488 5123 631 5189 baeresim,
650 5123 684 5176 ad
702 5139 769 5193 quae
786 5139 827 5177 ers
836 5123 1015 5196 inquisitione

254 5206 344 5259 idonei
364 5205 431 5258 dicti
451 5205 612 5272 demortua
632 5209 691 5277 iure
701 5207 799 5261 ieudali
813 5209 973 5262 meritoltae
985 5207 1015 5260 in

250 5303 327 5361 parte
346 5287 483 5344 iaciendas
500 5297 559 5344 erat
577 5305 704 5346 secessus.
721 5291 802 5346 coni.
821 5293 839 5344 l.
862 5291 955 5363 taff.
971 5309 1022 5348 ao·

256 5378 305 5429 lut.
325 5388 406 5430 matr.
425 5377 458 5430 L
477 5385 504 5428 t.
513 5373 558 5445 ff.
573 5377 600 5431 si
616 5391 702 5430 mena.
710 5375 784 5448 Μ
803 5379 877 5432 mod.
890 5377 1017 5452 Camena.

254 5462 336 5514 Pars.
350 5473 374 5516 a.
387 5461 416 5518 c.
435 5471 475 5512 ti.
486 5458 544 5532 defi
557 5472 582 5515 s.
595 5477 626 5515 a.
638 5473 662 5515 s.
677 5459 788 5516 Barbos.
800 5460 916 5516 Arium.
928 5463 979 5520 tlt
990 5473 1016 5516 a.

696 552 745 608 lili
764 553 885 608 rtnltt
902 551 1144 610 EXSPEGl'iii‘i'.
1161 551 1199 606 tn
1218 549 1372 620 obnisu.

1032 697 1034 702 ,
1066 665 1090 703 c.
1109 655 1132 702 i·
1154 648 1262 702 atione.
1283 662 1324 702 te·
1342 643 1477 700 fluuios
1493 649 1581 698 autem
1601 639 1631 694 in
1655 635 1753 694 ieadali
1777 650 1824 694 ex·
1857 643 1888 694 ii
1986 615 1989 624 Ι

1032 739 1035 744 ’
1062 734 1205 805 apertatiea
1224 735 1245 786 si
1265 735 1355 803 plures
1372 739 1400 786 et
1416 727 1580 784 diuersarum
1598 729 1731 782 lineorum
1750 726 1827 792 sint,

1681 536 1752 592 raaia

1057 817 1191 872 aueoessio
1203 815 1236 870 bt
1248 819 1277 868 iu
1291 815 1406 888 stirpes,
1417 831 1472 868 ann
1483 814 1585 885 capita,
1594 813 1665 883 sputi
1679 811 1766 867 tribua
1779 825 1822 864 ra-

1058 905 1178 960 tioaibau
1196 903 1315 957 stabilire
1332 900 1429 956 nititur
1452 899 1604 954 Barlicbiaa
1626 899 1758 955 Genetos.
1778 907 1821 950 st.
1889 933 1892 942 ·

1033 1000 1036 1010 “
1059 1007 1123 1060 prg-
1146 999 1207 1043 ata.
1226 986 1280 1058 (t.)
1297 985 1368 1058 Quia
1391 984 1421 1038 in
1446 981 1669 1038 descendentibus
1692 981 1826 1037 successio

1057 1072 1141 1126 datar
1161 1072 1189 1125 iu
1209 1069 1362 1136 infinitum,
1383 1077 1485 1122 tantum
1504 1067 1533 1121 in
1545 1067 1660 1138 stirpes,
1671 1084 1724 1120 non
1737 1066 1768 1120 iu
1779 1083 1824 1120 aa·

1056 1157 1114 1230 pita
1138 1157 1341 1212 Schneidewin.
1360 1157 1398 1210 ed
1414 1153 1455 1209 tit.
1473 1157 1541 1209 inat.
1560 1152 1594 1207 de
1611 1153 1742 1208 haeredit·
1754 1159 1828 1221 qaae

1064 1245 1100 1300 al
1119 1243 1239 1298 brutas.
1264 1245 1318 1298 Tit.
1334 1243 1369 1296 de
1384 1256 1499 1298 sueoeu.
1506 1238 1600 1312 filiae.
1620 1250 1679 1293 net.
1702 1249 1729 1292 er
1751 1238 1826 1310 legit.

1055 1328 1151 1384 simul.
1170 1345 1199 1383 u.
1222 1339 1263 1382 rr.
1282 1338 1310 1383 et
1325 1343 1400 1399 seqq.
1417 1345 1446 1378 n.
1459 1337 1502 1379 to.
1513 1335 1619 1395 esoeqq.
1632 1321 1684 1394 (2.)
1698 1322 1767 1394 Quia
1780 1323 1826 1378 bio
1863 1333 1894 1377 tr

1056 1413 1140 1468 liberi
1159 1429 1212 1468 non
1233 1414 1312 1468 aliter
1329 1427 1406 1483 quaro
1425 1412 1484 1481 jure
1509 1407 1762 1478 repraesentationis
1785 1425 1827 1461 ee·

1057 1497 1118 1552 nire
1141 1509 1267 1568 possunt,
1285 1497 1332 1568 qui
1350 1507 1439 1553 autem
1452 1496 1502 1548 boc
1512 1495 1570 1564 jure
1582 1494 1705 1559 veniunt,
1720 1492 1748 1546 in
1762 1493 1829 1547 stir-

1061 1597 1109 1652 pes
1133 1581 1274 1636 succedere
1291 1583 1378 1636 solent
1395 1579 1480 1634 Anti.
1498 1577 1526 1632 ie
1546 1593 1661 1634 arsccear.
1680 1595 1702 1631 e.
1718 1576 1752 1630 de
1766 1575 1827 1632 auis

1061 1679 1088 1722 et
1105 1665 1179 1738 legit.
1198 1665 1251 1738 (a.)
1269 1667 1338 1736 Quia
1356 1665 1446 1719 eadem
1467 1663 1597 1717 submoto
1616 1663 1646 1715 in
1671 1663 1827 1716 simultanen

1058 1754 1221 1808 investitura
1238 1754 1344 1808 obtinet
1352 1791 1367 1819 ,
1382 1767 1450 1820 quae
1461 1765 1555 1820 parurn
1566 1747 1657 1805 differt
1670 1745 1704 1802 ab
1718 1746 1830 1802 inresti-

1059 1852 1123 1896 tura'
1132 1841 1166 1895 tie
1180 1841 1331 1896 eaducidate
1343 1838 1432 1902 ieudi,
1444 1851 1510 1907 quas
1523 1835 1619 1906 probat
1630 1851 1732 1907 quoque
1744 1844 1771 1890 et
1781 1852 1826 1891 re·

1064 1925 1135 1998 petit
1155 1927 1207 1978 liu.
1229 1929 1318 1980 strar.
1335 1925 1380 1978 eil.
1397 1940 1421 1977 e.
1440 1931 1465 1974 t.
1484 1921 1523 1973 tis.
1542 1932 1567 1971 t.
1586 1918 1684 1989 infin.

1101 2011 1217 2066 Effectus
1232 2011 1297 2065 item
1308 2007 1551 2081 esspeetanlisrurtt
1561 2004 1677 2074 insignis
1687 2016 1743 2069 est,
1756 2002 1832 2076 quoti
1865 2013 1897 2059 ti

1058 2115 1072 2146 e
1093 2097 1293 2165 possessoribus
1317 2109 1506 2162 nonnunqum
1529 2089 1658 2154 alienari,
1680 2099 1708 2143 et
1732 2089 1827 2159 quotis

1061 2179 1140 2230 titulo
1158 2179 1193 2232 ad
1211 2179 1292 2233 alium
1314 2175 1461 2231 transferri·
1477 2175 1597 2246 possint:
1622 2171 1655 2227 de
1677 2171 1828 2228 iendalibns
1864 2180 1898 2226 to

1060 2262 1149 2316 lorsan
1168 2261 1351 2324 dubitaretura
1371 2260 1503 2332 siquidem
1517 2266 1550 2312 ut
1568 2257 1653 2328 ipsius
1672 2255 1745 2310 teudi
1764 2255 1828 2310 alie·

1059 2348 1133 2400 natio
1151 2365 1204 2401 non
1223 2345 1345 2419 procedit
1361 2363 1413 2417 per
1428 2363 1489 2414 rep.
1509 2339 1663 2409 imperialis
1683 2350 1708 2392 2.
1727 2341 1761 2394 F.
1782 2349 1828 2394 st.

1060 2445 1088 2488 et
1104 2452 1128 2488 e.
1146 2435 1319 2505 imperialem
1341 2444 1366 2484 2.
1385 2433 1419 2485 F.
1442 2443 1491 2485 tt,
1504 2431 1544 2482 ita
1562 2445 1612 2481 nec
1637 2423 1829 2498 exspectantia·

1059 2533 1134 2584 rum,
1153 2519 1216 2569 durn
1237 2518 1364 2586 utrinque
1381 2515 1454 2568 ratio
1470 2513 1570 2566 militat
1586 2509 1694 2574 eadem,
1713 2527 1747 2563 ne
1766 2508 1827 2563 seii.

1060 2604 1145 2658 inrito
1171 2603 1289 2656 Domino
1315 2617 1397 2654 novus
1421 2597 1578 2652 obtrudatur
1601 2595 1728 2648 vassallus
1752 2611 1776 2648 c.
1800 2593 1828 2647 ri

1060 2683 1236 2756 daosrnlm
1254 2685 1287 2739 rie
1305 2701 1376 2738 novo
1398 2691 1423 2734 2.
1448 2681 1483 2734 1⁶⁷.
1512 2691 1553 2732 tr.
1579 2683 1681 2733 Verum
1707 2695 1756 2732 nec
1779 2695 1829 2732 uos
1866 2688 1895 2731 tt

1060 2773 1251 2828 universaliter
1270 2770 1422 2842 inquiritur,
1435 2766 1483 2822 sed
1495 2767 1537 2819 rei
1548 2765 1686 2818 dominum
1698 2765 1728 2817 in
1740 2775 1828 2818 aetum

1059 2857 1233 2910 alienationis
1250 2854 1458 2910 consentientem
1472 2851 1664 2922 supponimus,
1683 2851 1726 2903 rel
1744 2847 1828 2904 initio

1059 2939 1241 2994 concessionis
1259 2939 1420 3010 generaliter
1444 2938 1565 2990 eumdem
1592 2935 1772 3000 consensisse,
1798 2946 1829 2989 ut

1059 3024 1172 3080 cetiendi
1192 3027 1231 3078 rel
1257 3020 1432 3079 transterendi
1458 3021 1571 3073 liberam
1597 3019 1689 3073 babeat
1710 3029 1828 3090 potesta-

1060 3101 1131 3175 tem,
1149 3129 1203 3182 quo
1221 3127 1300 3172 casu,
1319 3117 1349 3162 ul
1368 3107 1454 3180 ipsius
1469 3105 1542 3160 small
1561 3105 1630 3159 ralet
1642 3103 1765 3158 alienatio
1777 3121 1830 3174 per

1058 3203 1152 3248 textus
1171 3192 1253 3246 modo
1273 3191 1421 3260 allegator,
1445 3189 1481 3242 ita
1504 3205 1608 3259 quoque
1633 3189 1828 3260 exspectantia-

1060 3294 1129 3330 rum.
1151 3277 1190 3330 De
1201 3277 1410 3332 ¹cutroniealunur
1437 3271 1627 3343 exspectatiris
1653 3271 1725 3325 idens
1751 3274 1827 3327 docet

1060 3363 1169 3433 praxiaz
1188 3373 1215 3416 el
1232 3370 1290 3416 utut
1308 3360 1396 3429 tegatis
1410 3359 1607 3412 canonistarum
1625 3356 1675 3418 sit,
1692 3353 1826 3411 beneficia

1060 3464 1113 3500 non
1138 3445 1220 3512 cedi,
1246 3463 1297 3498 neo
1322 3459 1356 3496 ex
1382 3444 1467 3512 gratia
1491 3442 1570 3495 alicui
1598 3457 1769 3506 concessum,
1796 3442 1827 3494 in

1059 3533 1141 3586 aliurn
1167 3527 1307 3586 transferri
1330 3525 1444 3590 debere,
1471 3543 1521 3595 per
1544 3543 1606 3596 cop.
1629 3525 1732 3594 petiisti
1755 3525 1774 3580 t.
1803 3539 1827 3579 t.

1060 3628 1165 3688 paueat.
1188 3627 1210 3669 t.
1228 3633 1250 3669 c·
1268 3629 1338 3667 sune
1356 3613 1393 3665 Χ.
1419 3613 1454 3667 de
1477 3607 1598 3684 privileg.
1624 3610 1670 3662 ubi
1697 3611 1830 3692 scriptum¹

1058 3711 1118 3766 est,
1143 3701 1362 3768 inriguam-esse
1386 3697 1440 3751 sibi
1466 3695 1569 3764 aliquid
1595 3713 1643 3748 sua
1667 3696 1831 3750 artetoritate

1060 3799 1242 3856 praesumere,
1261 3781 1330 3850 quod
1352 3781 1471 3833 liomana
1495 3777 1612 3831 Ecclesia
1636 3778 1732 3842 alicui,
1759 3791 1830 3834 certa

1060 3869 1165 3921 ratione
1184 3865 1319 3936 inspecta,
1336 3859 1516 3930 singularibus
1533 3861 1619 3914 soluit
1634 3857 1773 3914 beneficiis
1788 3865 1831 3916 iu-

1060 3951 1182 4022 dulgefi,
1201 3951 1255 4003 iar.
1276 3945 1400 3999 bienoch.
1417 3947 1503 4002 Cone.
1523 3945 1578 3998 XC·
1598 3963 1626 3997 rt.
1654 3956 1697 3998 et.
1722 3945 1753 3998 In
1773 3957 1830 4001 tan-

1062 4045 1118 4090 tum
1140 4043 1227 4088 tanuen
1246 4045 1361 4086 canones
1378 4029 1472 4082 eadem
1497 4027 1638 4090 lebeieeit,
1665 4037 1695 4080 ut
1717 4029 1831 4088 tendant

1062 4136 1115 4175 non
1134 4117 1213 4172 modo
1230 4118 1272 4184 jus
1291 4131 1372 4168 sunta*
1389 4121 1591 4182 exspectantes,
1616 4113 1637 4166 si
1664 4111 1745 4168 titulo
1768 4133 1832 4170 oue·
1885 4104 1888 4114 ’

1062 4219 1122 4256 roso
1145 4199 1348 4272 quaesiverint,
1378 4205 1469 4268 utpote
1490 4215 1542 4266 qno
1568 4195 1697 4267 pinguius
1727 4199 1830 4270 ailquid

1060 4285 1145 4358 quoad
1164 4285 1354 4339 alienationem
1372 4283 1469 4338 babere
1488 4281 1665 4349 ridebantur,
1683 4283 1730 4338 sed
1749 4286 1832 4338 mari·

1063 4387 1107 4424 nse
1124 4369 1205 4424 etiam
1224 4371 1246 4423 si
1267 4369 1348 4423 titulo
1359 4369 1489 4424 lucrativo
1501 4369 1597 4441 gratias
1610 4371 1665 4424 sibi
1679 4373 1743 4427 tales
1755 4389 1829 4428 oom-

1062 4455 1235 4528 parts‘eriuta
1259 4453 1391 4508 iatissinse
1415 4453 1489 4508 euim
1518 4451 1674 4526 Principum
1698 4452 1832 4510 beneficia
1869 4465 1900 4510 tt

1063 4539 1256 4610 interpretatur
1274 4540 1350 4607 juata
1369 4540 1388 4592 l.
1408 4535 1485 4606 effi
1502 4539 1537 4593 tie
1558 4539 1832 4594 Constit.1’riuc.et

1063 4639 1123 4676 oum
1143 4621 1204 4692 ipso
1221 4621 1261 4676 ait
1279 4624 1446 4694 imperatore
1460 4639 1494 4676 ex
1513 4622 1532 4675 l.
1554 4633 1578 4674 2.
1602 4623 1635 4679 0.
1660 4623 1694 4678 rie
1715 4640 1831 4695 praepo·

1063 4707 1107 4762 rit.
1127 4717 1216 4779 egent.
1235 4708 1264 4762 irs
1283 4708 1340 4762 rei.
1359 4706 1406 4760 iii.
1429 4717 1469 4762 rt.
1495 4707 1537 4760 tit.
1565 4717 1610 4758 st.
1636 4707 1830 4778 perabsurdum

1064 4807 1162 4864 perque
1180 4793 1354 4845 temerarium
1372 4809 1447 4856 esse,
1467 4807 1529 4844 suae
1547 4789 1661 4862 pietatis
1686 4791 1833 4846 liberalita-

1067 4887 1121 4928 tem
1133 4891 1291 4946 quemquam
1313 4885 1401 4930 astula
1418 4875 1642 4946 interpretatione
1660 4894 1712 4931 non
1732 4876 1766 4930 ad
1784 4895 1830 4929 au·

1063 4969 1215 5030 ruentum,
1227 4958 1273 5013 sed
1287 4957 1320 5012 ad
1333 4959 1548 5012 diminutionem
1566 4971 1728 5014 convertere.
1750 4959 1830 5015 Com·
1869 4970 1900 5013 ts

1066 5043 1172 5096 modiua
1190 5053 1279 5099 autern
1303 5053 1331 5097 et
1357 5043 1441 5114 mgis
1465 5041 1613 5114 proficuum
1640 5059 1830 5115 norsnuuquarn
1900 5077 1902 5082 ·

1065 5129 1230 5200 exspectanti
1255 5127 1373 5192 accidit,
1400 5128 1573 5199 impraesens·
1591 5127 1728 5182 nemsione
1751 5125 1832 5181 bene-

1066 5211 1123 5266 iaoii
1143 5211 1263 5283 recipere
1280 5211 1437 5283 pecuniam,
1454 5229 1534 5284 quam
1552 5211 1630 5280 longa
1654 5211 1831 5284 esspectatio-

1068 5293 1167 5348 nediu
1188 5295 1320 5366 torqueri3
1339 5295 1527 5350 modulamen
1552 5305 1580 5349 et
1603 5294 1648 5349 bic
1674 5295 1763 5349 debita
1789 5313 1831 5349 re-
1869 5306 1903 5351 ts

1065 5380 1165 5451 quisita
1189 5387 1371 5446 concurrant,
1395 5379 1490 5450 cuique
1514 5377 1619 5434 ceditur
1647 5379 1830 5444 beneficium,

1067 5481 1149 5536 saque
1166 5465 1205 5518 sit
1221 5462 1320 5518 ubilis
1338 5479 1370 5518 ac
1393 5461 1525 5531 itionem
1548 5461 1590 5516 sic
1614 5461 1678 5516 inm
1703 5481 1751 5536 pro
1775 5463 1835 5535 lege
