4456 6332
326 525 379 602 ,n
830 515 961 578 rnrsts
980 511 1266 576 rnatnanants.

256 711 326 784 Coi
349 715 475 811 optime
498 707 720 808 subjungitur
744 705 828 782 illud
851 705 953 778 Surd.
979 707 1087 782 Cone.
1112 705 1170 798 43.
1195 707 1266 776 vol.
1295 729 1326 776 ι.

484 891 581 966 Fora
604 893 686 966 olim
698 893 843 986 suerat,
868 891 967 966 natta
989 907 1043 964 ast
1068 917 1161 966 nune
1179 898 1299 988 gratia
1307 895 1484 986 fratrum.

257 1082 356 1170 adeo,
380 1101 420 1150 ut
443 1079 602 1150 miraculo
625 1079 701 1172 quis
724 1102 764 1146 ea
787 1077 959 1147 veteribus
981 1076 1078 1148 JGtis
1099 1077 1265 1150 adscribat
1283 1104 1416 1161 casura,
1432 1100 1500 1172 quo
1516 1076 1617 1148 frater
1632 1077 1772 1160 fratrent
1782 1079 1842 1152 de-

257 1173 334 1244 bito
357 1183 577 1264 prosequatur
599 1193 723 1238 amore:
748 1169 932 1264 Cessetqnc
954 1170 1057 1238 ferme
1081 1167 1179 1236 laodic
1202 1172 1446 1263 praesumptio,
1469 1168 1606 1240 fratrent
1629 1193 1649 1236 a
1672 1169 1774 1242 fratre
1789 1170 1843 1240 di·

256 1263 339 1356 ligi,
362 1264 405 1331 de
428 1286 494 1354 qua
519 1261 682 1334 atenocu
713 1287 742 1330 ι.
765 1283 877 1354 praes
909 1261 964 1328 53.
994 1259 1093 1328 Unde
1121 1259 1236 1327 vultus
1265 1261 1354 1330 iuter
1382 1260 1500 1330 fratres
1527 1259 1610 1328 olim
1637 1261 1846 1354 jucundissi-

246 1377 354 1435 .rnus,
379 1370 511 1446 aspectu
534 1351 779 1438 odiosissimus,
802 1367 837 1417 et
859 1353 977 1418 terrori
1002 1373 1148 1431 summo,
1172 1375 1236 1419 roa
1259 1375 1399 1444 spureo
1413 1361 1503 1444 grata
1525 1363 1560 1418 et
1576 1349 1759 1420 familiaris.
1775 1351 1846 1422 Ea·

247 1443 520 1538 demquecauaa
543 1457 610 1523 eat,
634 1440 726 1536 quod
751 1441 958 1534 ubicumque
982 1440 1100 1534 litigiis
1122 1453 1156 1507 et
1178 1445 1447 1510 contentionibus
1463 1440 1639 1527 fraternis,
1654 1440 1774 1535 judicia
1791 1467 1845 1510 re·

256 1533 348 1624 pleta
374 1535 487 1602 ridere
510 1533 620 1599 liceat:
643 1532 704 1600 sed
727 1533 763 1598 in
789 1549 978 1624 temporeo
1003 1534 1081 1621 ¹tinte
1105 1530 1159 1599 bio
1182 1535 1366 1617 cmoritur,
1392 1555 1451 1614 ne,
1473 1533 1700 1600 reconciliatio
1711 1529 1844 1600 dissidii

255 1623 428 1692 domestici
452 1645 522 1716 quo
545 1621 682 1690 nullum
707 1624 843 1704 tertius,
868 1623 950 1690 dura
974 1557 1052 1706 dit,
1072 1643 1271 1715 semperque
1286 1625 1469 1692 cicatricem
1491 1621 1658 1690 sordidam
1674 1638 1707 1690 et
1722 1621 1845 1692 latente

251 1713 348 1780 analo
367 1713 523 1781 infectam
547 1714 705 1801 retineat,
729 1714 913 1781 secundum
938 1713 1039 1781 illud:
1063 1717 1124 1814 qui
1147 1719 1287 1784 nimium
1310 1730 1492 1797 amarunt,
1515 1715 1655 1781 nimium
1682 1711 1842 1781 οόοιιιιιι.

258 1803 348 1870 Iltut
371 1817 505 1888 autem,
529 1808 622 1894 juxta
647 1802 848 1898 jamdicta,
875 1805 1110 1898 frequentibus
1138 1803 1224 1872 bisce
1255 1804 1531 1888 dissensionibus,
1564 1805 1670 1872 animi
1702 1802 1844 1872 fratrum

260 1889 509 1990 quodammodo
531 1917 564 1959 se
589 1897 674 1962 ¹rori
699 1892 895 1982 rideantur3
922 1899 996 1988 jura
1025 1907 1153 1980 tamen,
1179 1896 1325 1987 inspecta
1350 1896 1478 1964 ratione
1501 1918 1557 1964 san
1608 1895 1675 1964 inis
1697 1895 1843 1962 naturali

260 1984 442 2050 constituto
456 2031 465 2066 ,
479 1915 711 2052 attaldmtnus
735 1983 906 2052 immutata
932 2003 1082 2056 manent:
1106 1985 1147 2051 de
1169 1984 1220 2054 liis
1236 1984 1421 2080 etquidem
1439 1917 1626 2074 potioribiis
1641 1985 1767 2058 Theses
1782 1984 1844 2050 ali·

263 2087 349 2168 quot
372 2073 411 2139 B.
436 2071 477 2142 L..
504 2085 692 2166 praesentes
720 2071 878 2141 exhibent
906 2095 945 2162 pa
970 2072 1070 2154 ellae,
1098 2097 1165 2138 non
1195 2089 1235 2144 ut
1259 2073 1396 2164 quidem
1420 2073 1626 2178 inauguralis
1649 2073 1845 2162 meruisset,

261 2161 471 2256 exquisitiori
497 2162 575 2230 lima
598 2164 790 2244 enasciatas,
806 2162 865 2230 sed
880 2095 1029 2254 neglecto
1051 2163 1144 2229 omni
1168 2163 1353 2234 elaboratae
1375 2161 1534 2234 orationis
1557 2179 1751 2230 ornamento
1766 2186 1845 2230 con·

261 2267 384 2350 gestas,
412 2266 445 2323 et
476 2249 568 2346 quod
597 2253 652 2320 rix
681 2252 777 2321 aliter
800 2253 845 2320 ob
869 2251 1027 2344 temporis
1055 2254 1229 2344 penuriam
1254 2252 1325 2320 lieri
1349 2252 1483 2342 potuit,
1514 2251 1646 2344 planius
1667 2263 1700 2320 et
1724 2249 1843 2322 rudius

260 2345 476 2434 consoriptas:
500 2367 593 2435 spem
616 2345 744 2410 interea
765 2345 928 2434 optimam
950 2356 984 2410 et
1008 2341 1166 2413 benevola
1191 2342 1467 2434 interpretatione
1487 2355 1520 2412 et
1535 2341 1676 2416 candore
1693 2361 1749 2414 tuo
1764 2367 1842 2412 coo·

259 2434 362 2530 cipio:
385 2433 480 2505 Deus
506 2457 580 2506 sero
602 2457 646 2502 ex
671 2446 746 2502 roto
769 2433 848 2504 baec
870 2434 1046 2506 conamina
1068 2454 1181 2508 nostra
1203 2433 1320 2506 cedere
1342 2432 1450 2506 sinat!

887 2635 1212 2728 canori

803 2849 861 2916 De
884 2847 1118 2940 appellatione
1127 2849 1305 2943 flatrum.

444 3064 469 3115 S
489 3061 518 3116 U
531 3059 568 3114 df
581 3060 618 3115 Π
631 3057 661 3112 A
678 3060 705 3113 tt
723 3059 786 3112 1A
1073 3057 1205 3116 Fratrum
1230 3057 1344 3114 nomine
1366 3051 1484 3112 senune
1505 3050 1557 3127 (t.)
1574 3051 1689 3126 fratres
1711 3053 1840 3127 adoptivi.

1113 3163 1142 3200 n.
1164 3154 1206 3198 ts.

257 3231 380 3288 Nomine
397 3229 510 3286 fratrum
528 3243 640 3283 sorores
657 3226 742 3282 etiam
759 3226 886 3282 veniunt.
905 3244 933 3282 n.
955 3235 977 3280 t.
1074 3229 1125 3302 (ι.)
1143 3229 1275 3282 Fratrum
1292 3225 1379 3281 lileri-
1397 3245 1425 3280 n·
1448 3235 1491 3280 to.

260 3315 381 3386 errando
401 3317 453 3370 trae
469 3313 632 3386 contingat?
649 3331 677 3366 n.
699 3321 722 3364 t.
859 3357 862 3362 ,
1075 3311 1125 3386 (ι.)
1147 3314 1228 3368 Tales
1245 3329 1283 3366 ea
1301 3308 1455 3383 affinitate.
1473 3325 1501 3363 n.
1522 3320 1564 3366 tt.
1640 3367 1643 3374 ⁴

256 3392 891 3464 Fonverasoroeasnnominesratresamusim
904 3395 1025 3451 veniunt.
1074 3397 1126 3470 (ι.)
1143 3394 1335 3468 Comprioigni.
1355 3413 1383 3448 n.
1404 3404 1448 3447 tt.

263 3537 266 3544 Δ
296 3503 324 3538 ιι.
345 3495 370 3538 t·
1074 3483 1125 3556 (ε.)
1142 3481 1258 3538 Fratres
1273 3479 1452 3552 pastionates.
1470 3497 1500 3534 ιι.
1521 3487 1562 3534 tt.

261 3565 394 3640 Quamvis
405 3563 535 3636 idsallat
546 3565 719 3620 inidicmate
737 3566 909 3620 Germanae
920 3581 957 3620 se.
976 3567 1028 3620 Ge·
1076 3569 1128 3642 (r.)
1146 3567 1230 3623 Sosii.
1249 3585 1278 3619 n.
1300 3575 1343 3620 tt.

246 3704 251 3712 .
290 3652 445 3717 sudwister,
463 3659 491 3706 et
507 3667 569 3706 voc·
588 3653 651 3706 aas.
669 3649 900 3705 aanwbrinorum.
919 3667 948 3705 ιι.
969 3661 993 3703 ι.
1072 3654 1124 3728 (ι.)
1142 3653 1289 3720 lanarii,
1308 3653 1421 3724 Papae,
1439 3650 1738 3708 enumeramus.
1760 3665 1803 3709 ts.

246 3737 393 3806 ,Quamvis
411 3735 503 3792 itidem
515 3734 584 3805 jam
600 3749 728 3788 sororum
747 3731 904 3804 adsratres
920 3753 1027 3807 quaque
1074 3741 1125 3812 (o.)
1146 3741 1246 3794 Omnes
1263 3735 1425 3796 Christiani.
1444 3753 1472 3790 ιι.
1496 3745 1539 3790 tt.

247 3875 251 3880 .
296 3821 491 3876 extendum
509 3837 538 3874 n·
559 3831 582 3872 ⁵·
1075 3827 1144 3899 (to.)
1161 3825 1276 3878 Fratres
1289 3819 1433 3886 adscititii,
1445 3817 1626 3890 quiquidem,
1640 3821 1682 3876 uti
1687 3821 1780 3892 pierres
1794 3823 1847 3878 alii

257 3901 504 3972 Divisiosrotrum
522 3902 551 3954 in
571 3903 712 3957 nwales
730 3901 961 3972 eatretinere.
982 3916 1007 3958 s.
1107 3926 1192 3982 supra
1210 3906 1288 3973 dicti,
1307 3907 1360 3961 leue
1376 3923 1435 3960 non
1451 3901 1595 3975 pertinent.
1615 3921 1643 3958 n.
1663 3915 1705 3956 at.

255 3987 413 4044 subdititia
419 3983 552 4054 fratrum
569 3987 747 4043 naturalium.
766 4007 794 4040 ιι.
814 3998 838 4038 ι.

256 4074 355 4128 Natus.
373 4078 401 4124 ei
418 4067 535 4141 legitimi
548 4070 632 4126 timui
648 4089 685 4124 etc
703 4068 880 4126 naturalibus
905 4069 1025 4141 optimae
1072 4019 1283 4150 Appellatione
1300 4072 1413 4128 fratrum
1433 4069 1485 4141 (α
1501 4071 1635 4146 abipaiua
1647 4073 1719 4128 socia
1732 4071 1839 4144 signifi.
1879 4085 1898 4130 a·

290 4153 460 4210 ⁰⁰t¹dlfl⁰²1⁸⁸⁸
476 4165 550 4210 ΜΝ·
567 4173 596 4208 1⁸·
616 4165 642 4206 ⁸·
1071 4165 1177 4221 catione
1194 4161 1346 4224 ordiamur,
1364 4167 1393 4212 et
1408 4157 1460 4211 boc
1475 4157 1535 4230 ipsc
1548 4156 1697 4212 faciliorem
1709 4157 1787 4212 nobis
1800 4158 1842 4212 fe·

256 4247 327 4296 dunt
344 4251 436 4294 atatem
453 4250 481 4293 et
497 4238 527 4294 ftt'
542 4237 717 4311 multiplicet,
730 4239 861 4294 German·
878 4255 1021 4311 contanssu.
1071 4253 1173 4306 ciamus
1189 4244 1384 4322 progressum)
1400 4244 1511 4314 quinam
1535 4243 1660 4307 veniatur
1678 4260 1738 4296 cnm
1758 4243 1841 4302 facil.

243 4375 247 4382 .
289 4339 316 4384 et
332 4327 440 4382 uterini.
456 4345 484 4380 n.
500 4339 526 4381 ⁹·
664 4363 667 4371 ·
1070 4344 1172 4407 pateat,
1190 4333 1221 4386 ia
1239 4349 1271 4386 eo
1287 4347 1427 4402 operosam
1444 4345 1518 4394 esse,
1536 4342 1759 4398 supervacaneum
1773 4329 1842 4382 erit:

251 4413 367 4474 Effectus
384 4413 465 4484 leuius
482 4411 655 4468 diversitatis.
676 4431 705 4468 ιι.
728 4426 769 4469 to.
1069 4428 1132 4474 ante
1147 4418 1239 4472 arania
1255 4431 1320 4471 sero
1331 4411 1492 4479 anundum,
1504 4409 1574 4482 quod
1587 4409 1697 4466 nomine
1711 4409 1841 4478 trauan,

250 4499 370 4556 Fratres
381 4515 535 4572 consenga.
545 4507 572 4552 et
584 4497 687 4552 uertat
694 4501 805 4571 proprie
819 4496 1018 4570 diruatursro·
1067 4505 1132 4558 ticet
1150 4501 1180 4556 iu
1197 4499 1394 4557 communiora
1405 4495 1532 4567 tqueadi
1550 4495 1659 4552 minuti
1674 4504 1779 4550 tantuna
1795 4495 1843 4552 de·

290 4601 352 4642 tres.
372 4607 399 4642 ιι.
421 4598 461 4642 ιι.
1068 4597 1212 4652 notentur,
1226 4584 1332 4655 saepius
1344 4577 1741 4653 tameninterpretationejaria
1755 4591 1782 4636 et
1796 4599 1840 4636 so·

250 4679 315 4730 ‘flat
333 4676 396 4730 dud.
414 4691 477 4730 eum
495 4688 618 4743 respons.
637 4691 666 4727 n.
688 4684 728 4727 ιι.
1010 4717 1012 4724 ,
1069 4690 1142 4730 rores
1161 4669 1359 4728 contineantur.
1378 4668 1396 4721 1.
1409 4666 1495 4740 ¹⁵·ff·
1506 4666 1620 4738 depost.
1632 4665 1651 4722 l.
1668 4665 1839 4740 suffijlrm.

252 4763 407 4831 inpastus
426 4769 502 4814 texto
519 4769 547 4813 et
558 4758 699 4814 undecimo
716 4775 808 4814 mense
825 4759 913 4815 editus
930 4761 1017 4832 tepiti·
1068 4757 1164 4815 bercis.
1183 4758 1202 4810 l.
1221 4769 1263 4810 st.
1282 4761 1305 4818 ς.
1325 4750 1401 4822 uff-
1421 4752 1454 4808 de
1472 4755 1536 4822 na.
1563 4763 1587 4805 t·
1614 4750 1645 4805 itt
1668 4751 1781 4806 materia
1800 4769 1838 4806 sc·
1877 4765 1890 4808 ι

290 4844 424 4900 massis?
441 4863 469 4898 ιι.
492 4856 532 4898 ιι.
740 4869 743 4876 1
1069 4837 1253 4906 indifferenti,
1271 4848 1299 4894 et
1314 4837 1362 4892 nbi
1379 4854 1429 4909 par
1448 4837 1517 4892 ratio
1535 4834 1648 4890 teatrum
1666 4848 1698 4889 aa
1716 4853 1840 4900 eororam

251 4929 403 4986 Naturales
418 4937 527 4984 tantum
539 4930 786 5004 quandoquejiunt
797 4929 920 5002 legitimi.
931 4947 958 4984 n.
976 4939 1016 4981 tt.
1068 4938 1125 4994 eat,
1143 4937 1189 4982 aut
1203 4926 1368 4982 contrariam
1379 4920 1487 4978 aliunde
1499 4937 1554 4976 uon
1565 4929 1691 4994 apparete
1705 4931 1734 4976 et
1744 4919 1775 4973 ia
1788 4921 1840 4976 boe

257 5015 380 5085 oanan
398 5030 451 5070 non
464 5014 566 5069 soleam
578 5013 724 5084 legitimari
741 5015 775 5070 de
789 5017 845 5088 jus.
857 5015 907 5070 cir·
921 5031 950 5066 ιι.
973 5025 1014 5068 ιι.
1068 5011 1227 5066 declarando
1243 5010 1315 5066 mire
1332 5009 1384 5064 lld.
1403 5007 1549 5074 desudant,
1572 5007 1709 5077 nimiaque
1727 5006 1838 5074 longum

176 5119 182 5128 ’
257 5099 386 5172 (tuamois
403 5098 485 5154 bodie
501 5100 617 5154 soleant.
636 5119 664 5154 ιι.
687 5112 728 5155 te.
822 5151 825 5156 ,
1067 5095 1148 5162 foret,
1167 5095 1245 5152 inid
1264 5094 1405 5167 speciatim
1419 5091 1574 5164 inquirere3
1592 5090 1623 5144 ia
1640 5106 1737 5161 genere
1750 5087 1840 5160 itaque

252 5189 302 5240 An
329 5186 475 5257 Prireiper
497 5184 612 5260 Imperii
633 5184 784 5258 refirmare
805 5185 932 5257 possint?
955 5183 1018 5254 Affi
1068 5185 1198 5248 dicimus,
1217 5179 1358 5236 matmiaar
1370 5174 1784 5235 substratameteircnntstantiaa
1797 5192 1840 5230 ae·

287 5288 318 5322 ἢ·
340 5281 380 5322 ¹⁷·
1069 5267 1229 5330 stimantes,
1242 5263 1357 5335 adeoque
1375 5263 1491 5318 moltura
1509 5257 1611 5330 iudicio
1627 5255 1771 5328 judicantis
1788 5257 1838 5310 bac

259 5357 309 5410 As
325 5357 551 5427 bpitimetionem
567 5375 616 5422 per
637 5359 796 5427 rescriptam
814 5355 896 5412 bodie
918 5353 1016 5410 omnia
1066 5355 1098 5408 in
1109 5371 1139 5408 re
1152 5349 1325 5408 uibuendnm
1342 5365 1413 5402 esse:
1432 5357 1552 5402 econtra
1565 5361 1626 5402 sero
1643 5359 1764 5398 sororora
1787 5361 1834 5414 ap·
1875 5355 1888 5398 s

251 5488 254 5494 .
291 5443 475 5513 maenaa,
485 5444 625 5514 anniam
632 5442 681 5500 cfr.
696 5441 913 5514 mobebuntur·
926 5459 954 5498 ιι.
973 5449 1013 5494 tt.
1067 5437 1213 5510 pdtatiam
1229 5431 1328 5490 frenes
1342 5449 1400 5491 aaa
1413 5431 1597 5496 multantes,
1616 5445 1678 5486 cont
1695 5427 1839 5500 ὶιιωιιιὶη(

357 5529 465 5598 msyttt
483 5527 544 5584 Vei
563 5529 587 5582 1.
1662 5523 1693 5568 δ’
