4478 6350
447 530 495 584 ur
940 503 1130 558 nisurum.
1150 503 1198 556 tv.
1215 499 1371 556 curent
1673 567 1677 576 ,
1834 506 1883 573 ιιι

374 629 404 665 ιι.
426 623 485 664 too.
503 607 611 661 T'uolos.
632 605 659 657 d.
678 620 701 658 r.
720 623 748 656 ιι.
770 614 794 654 t.
814 601 909 673 Carpe.
919 613 986 668 pest·
1002 613 1026 653 ι.
1038 611 1142 671 quaest.
1228 599 1303 662 b'os,
1322 599 1415 652 missis
1434 601 1545 671 reliquis
1564 601 1704 657 Carcerum
1736 607 1898 677 speciebus,
1926 609 1955 662 in
1995 620 2027 666 te

378 709 435 750 ιιι.
463 703 561 746 ιι.,ιι.
588 709 661 762 seqq.
688 691 778 743 ltuber
804 689 920 741 lluland.
947 688 982 740 de
1011 687 1145 742 Commis.
1195 686 1404 755 praesentianun
1423 685 1458 740 do
1474 687 1524 739 boc
1541 685 1651 742 Carcere
1661 689 1797 744 custodiae
1808 693 1899 762 paucis
1911 711 1955 745 ac-

376 785 458 836 Part.
478 790 502 830 ².
522 778 541 830 l.
563 788 587 828 t.
604 796 628 830 c.
648 789 673 828 s.
693 793 721 828 ιι.
741 785 767 826 ι.
780 773 907 825 Diximus
921 789 999 840 porro
1011 773 1145 824 custodiae
1198 769 1251 821 turi
1266 786 1367 822 sumus.
1387 772 1481 824 Restat
1498 781 1586 824 autem
1603 773 1690 827 adbuc
1703 775 1865 845 Syuonymia
1879 777 1959 832 huius

377 877 483 920 tuntum
501 879 593 924 cansa,
613 870 642 914 et
660 860 720 912 sine
738 876 821 930 poena
840 859 911 910 bunc
928 875 987 909 esse
998 857 1146 910 carcerem:
1197 854 1317 906 Carceris
1347 856 1522 927 explicanda,
1550 857 1583 909 de
1601 857 1753 914 lucautem
1772 879 1826 914 non
1845 863 1959 918 trinium

379 949 456 1002 hisce
481 945 661 1014 distinguitur
687 943 732 996 bic
753 943 849 996 Carcer
876 962 891 994 a
918 943 1029 994 Carcere
1049 957 1148 1010 punse
1200 940 1300 991 erimus
1317 941 1590 1012 solliciti,siquidem
1608 953 1733 1008 cunstat,
1751 946 1825 998 illam
1841 947 1964 1000 retulit

372 1049 456 1098 ¹causa
474 1031 641 1092 constituto,
667 1029 749 1081 simul
759 1046 800 1097 pue
823 1027 985 1096 mlligitur‚
1009 1045 1149 1078 necessum
1201 1027 1241 1077 rel
1262 1045 1355 1096 purum
1374 1027 1507 1079 commodi
1524 1029 1558 1080 ad
1577 1029 1736 1082 lustitutum
1754 1041 1875 1086 nostrum
1894 1035 1958 1084 alla·

382 1133 462 1180 esse,
479 1123 530 1178 ut,
549 1114 574 1167 si
592 1112 758 1166 detentionis
777 1129 854 1164 causa
875 1119 977 1161 tantum
996 1111 1034 1161 sit
1059 1108 1147 1160 iucar-
1201 1120 1295 1162 turam.
1324 1111 1452 1164 Novimus
1479 1122 1569 1165 autem
1598 1113 1669 1183 quod
1692 1115 1827 1168 interdum
1857 1127 1965 1170 vocetur

383 1209 512 1264 ceratus,
534 1199 573 1250 ita
598 1198 797 1252 conditionatus
823 1195 920 1248 Carcer
945 1195 1003 1256 sit,
1029 1210 1063 1244 ne
1094 1193 1151 1261 ipsa
1202 1193 1329 1247 Custodia
1347 1207 1396 1248 tot.
1416 1198 1458 1248 tit.
1480 1199 1509 1250 C.
1536 1196 1562 1246 d.
1590 1199 1687 1252 custod
1718 1203 1801 1254 lleor.
1827 1201 1963 1253 interilum

385 1284 504 1336 custodia
531 1291 559 1334 et
575 1280 697 1333 detentio
723 1282 752 1333 in
777 1297 891 1352 poenam
915 1285 1101 1336 concertatum
1126 1286 1153 1328 et
1206 1279 1274 1330 mala
1293 1283 1405 1334 mansio.
1424 1285 1456 1336 ἱ.
1476 1281 1555 1349 apud
1577 1289 1735 1342 Labeonem
1750 1283 1793 1354 ff
1817 1285 1850 1340 de
1875 1287 1966 1357 [nius.

380 1369 430 1422 hcc
454 1369 561 1420 ratione
585 1368 678 1420 REL'S
704 1367 804 1438 duplici
820 1364 957 1418 officiatur
975 1381 1056 1434 poem
1075 1367 1108 1416 l.
1131 1375 1153 1414 ι.
1204 1367 1277 1417 llaec
1295 1365 1328 1418 de
1347 1367 1445 1437 Capite
1462 1367 1559 1440 primo.

387 1457 419 1510 0·
438 1454 470 1506 de
490 1463 557 1506 cust.
577 1455 658 1507 Reor.
678 1452 769 1524 ilique
787 1452 909 1510 Celebrr.
933 1451 1013 1502 Jctas
1037 1448 1154 1502 ilrtutue⁴

390 1554 462 1590 man.

1018 1743 1271 1816 CAPUT
1316 1747 1360 1814 ll.
1472 1803 1478 1814 .

538 1967 598 2034 De
625 1966 795 2034 Persouis
820 1968 857 2030 in
881 1962 1002 2056 quidus
1030 1965 1166 2032 Carccr
1189 1963 1245 2029 hic
1269 1965 1320 2030 ad
1341 1965 1533 2034 custodiam
1556 1967 1665 2036 locum
1689 1967 1823 2035 babeas.

585 2197 929 2253 SUMMARIA

399 2370 447 2419 An
467 2362 569 2419 Mulier
583 2363 672 2435 possit
687 2363 859 2417 incarcerari
876 2383 904 2416 ιι.
926 2375 949 2416 ι.

400 2448 549 2503 limitatur
558 2447 636 2518 uulgo
650 2447 679 2500 in
694 2449 785 2500 allatre
795 2446 891 2501 turrice
900 2447 1080 2503 renunciante
1088 2447 1168 2502 omni

436 2539 539 2606 Legum
557 2531 664 2585 auxilio
684 2550 712 2584 ιι.
732 2545 757 2584 2.

1222 2201 1270 2252 An
1290 2199 1319 2252 in
1338 2199 1480 2253 criminali
1495 2200 1608 2255 Jadicie
1624 2201 1713 2271 possit
1729 2199 1891 2255 intervenire
1898 2199 1978 2270 fide·

1248 2285 1365 2354 jussor?
1383 2305 1412 2337 ιι.
1431 2299 1476 2339 ιι.

1255 2483 1393 2595 Ordinis
1411 2543 1480 2596 ratio
1497 2544 1551 2610 iarn
1569 2540 1710 2610 etna-girat,
1721 2548 1752 2592 ιιι
1763 2539 1842 2607 buius
1860 2539 1981 2593 carceris
2023 2546 2039 2586 ι

403 2625 502 2676 Poeno
521 2617 628 2673 Judicis
645 2619 786 2672 mulierem
809 2621 954 2674 honestum
978 2617 1008 2672 iu
1029 2635 1165 2672 carcerem
1217 2644 1341 2698 person„
1360 2625 1389 2676 in
1406 2626 1503 2696 quibu,
1522 2626 1618 2678 (fimf
1632 2627 1675 2677 hic
1689 2625 1837 2677 ,ibttocum
1856 2623 1982 2684 vindicet,

438 2700 614 2757 detrudentis.
634 2721 664 2754 ιι.
683 2715 709 2754 ι.

1218 2711 1398 2782 dispiciamus.
1416 2713 1472 2763 Has
1488 2722 1577 2764 autem
1593 2729 1609 2761 a
1628 2709 1706 2762 nobis
1723 2727 1778 2761 noo
1796 2711 1891 2761 melius
1904 2725 1982 2780 posse

406 2785 479 2853 Quid
495 2786 576 2840 '¹⁰45‘
593 2787 717 2838 ⁰⁶5⁸&
735 2783 809 2837 ‘lm‘
828 2784 968 2840 mmmm
993 2783 1168 2838 ‘'MWM·
1220 2795 1383 2850 oonsiderari
1411 2805 1553 2866 putamus,
1576 2811 1655 2863 qium
1681 2793 1705 2845 si
1729 2793 1791 2845 illas
1812 2790 1986 2852 adducamus,

437 2869 525 2922 dam?
542 2888 571 2922 ιι.
593 2879 617 2920 t.

1221 2881 1290 2934 circa
1310 2897 1375 2950 quas
1393 2879 1427 2932 de
1444 2879 1495 2932 boc
1513 2877 1624 2930 Carcere
1648 2877 1780 2930 dubitatio
1801 2875 1929 2946 quaedam
1947 2892 1989 2926 su-

403 2955 510 3009 Curcer
533 2954 656 3008 malien’s
681 2975 699 3008 a
723 2957 842 3010 Carcere
862 2952 983 3008 rirormn
1011 2951 1089 3006 delet
1112 2966 1169 3004 esse
1220 2966 1306 3020 boris}
1326 2975 1424 3035 pomp,
1444 2965 1520 3015 luter
1538 2962 1586 3014 h„
1605 2979 1667 3014 m„
1685 2978 1809 3032 pawn„
1828 2959 1915 3030 primo
1932 2957 1989 3009 loco

438 3038 606 3112 separatas?
623 3048 652 3091 et
668 3043 777 3111 quare?
788 3059 817 3091 ιι.
838 3051 861 3090 s.

407 3133 456 3182 An
475 3125 570 3180 minor
584 3126 700 3182 Caroeri
718 3124 917 3180 mandandus?
933 3145 962 3177 ιι.
983 3139 1010 3178 s.

406 3211 506 3268 dlinor
521 3229 558 3264 ea·
575 3209 665 3262 dedito
683 3211 775 3264 laesus
792 3210 873 3263 ltadet
891 3208 1052 3279 beneficiam
1070 3205 1173 3257 restitue·

441 3296 529 3350 tionis
546 3296 575 3348 in
595 3296 741 3362 integrum.
761 3313 791 3346 ιι.
812 3305 835 3344 ⁷.

407 3379 504 3434 dfinor
526 3389 662 3430 mercator
684 3377 718 3430 ad
748 3377 805 3428 olio
830 3385 982 3429 mercatore
1009 3375 1044 3427 od
1073 3389 1174 3426 merces

441 3461 559 3516 creditos
576 3460 667 3514 laesas
686 3477 743 3513 non
763 3457 920 3512 restituitur.
940 3477 967 3508 n.
988 3469 1015 3508 s.

408 3549 457 3596 An
476 3545 512 3598 od
531 3544 660 3596 delictum
680 3541 774 3594 minor
789 3539 994 3594 carcerandus?
1011 3559 1040 3592 ιι.
1061 3552 1086 3591 s.

411 3629 486 3697 (laid
498 3647 549 3700 per
564 3631 699 3682 minorem
718 3626 746 3679 in
766 3627 871 3680 delictis
884 3625 1084 3695 intelligamus?
1096 3643 1123 3678 ιι.
1135 3637 1176 3678 to.

410 3715 555 3783 Quomodo
574 3713 668 3766 minor
684 3713 846 3782 delinquens
860 3710 1016 3782 puniatur?
1034 3728 1063 3762 n·
1082 3721 1122 3761 ιι.

409 3798 605 3869 despondetur
625 3799 664 3852 ud
685 3798 873 3870 quaestionem
897 3797 926 3848 in
952 3793 976 3866 ᾗ.
1003 3807 1027 3848 s.
1045 3795 1176 3865 positum.

451 3904 481 3937 n.
502 3895 532 3934 12

412 3969 461 4020 Au
483 3967 585 4020 nobilis
602 3969 708 4021 carceri
723 3965 942 4038 mancipandas?
952 3977 978 4020 et
996 3985 1033 4020 an
1050 3965 1178 4019 nolilitas

448 4049 555 4104 minuat
572 4053 723 4108 delictum?
739 4074 767 4106 ιι.
790 4065 830 4104 ts.

411 4135 580 4190 Ductoribus
599 4137 685 4190 multa
701 4137 850 4207 priuilegia
870 4153 996 4190 concessu
1006 4177 1014 4202 ,
1033 4146 1061 4188 et
1079 4136 1180 4189 nolilis

448 4235 506 4269 non
526 4219 661 4274 virtuosus
685 4239 742 4273 non
765 4217 963 4289 praeferendus
984 4221 1100 4291 ignobili
1121 4221 1179 4273 vir-

449 4314 538 4354 tuoto·
558 4323 586 4356 ιι.
610 4313 650 4354 ιι.

417 4385 515 4440 Omnis
539 4387 648 4440 Ductor
670 4387 699 4438 iu
723 4404 893 4458 quacunque
913 4385 1055 4456 facultate
1079 4391 1180 4460 gaudet

448 4473 600 4526 Doctorum
616 4470 780 4541 privilegiis.
794 4490 822 4522 n.
844 4483 886 4524 ts.

415 4555 566 4629 Prioilegia
585 4555 643 4608 Dd.
660 4566 731 4610 recte
747 4554 935 4610 extenduntur
952 4554 991 4608 ad
1006 4573 1100 4610 eorum
1113 4557 1179 4611 libe·

451 4659 498 4694 ros
516 4651 542 4694 et
560 4657 670 4696 rtoeores·
690 4661 718 4694 n·
742 4656 783 4696 ts.

414 4727 444 4777 A
450 4743 468 4778 ιι
488 4725 517 4778 in
537 4726 628 4778 Milite
647 4726 691 4778 tic
707 4745 803 4782 carcer
816 4729 943 4784 'obtineat
955 4729 970 4782 ,Ρ
983 4747 1011 4780 ιι.
1034 4739 1075 4778 ιι.

416 4813 464 4864 Art
484 4811 512 4864 in
532 4811 665 4865 Clerico?
683 4829 710 4862 ιι.
733 4825 773 4864 ιι.

415 4897 464 4948 An
484 4893 513 4947 in
533 4893 650 4947 leneredc
668 4894 818 4951 debitoris?
836 4895 864 4947 ιι.
886 4910 927 4950 ts.

422 4977 537 5046 Quando
557 4977 585 5032 iu
606 4980 720 5032 lmerede
737 4979 917 5034 iucurceratio
938 4982 1025 5036 locum
1049 5001 1107 5036 ιιοιι
1137 4983 1184 5035 lra-

453 5061 532 5116 beat?
550 5080 578 5114 ιι.
600 5073 641 5115 to.

419 5145 560 5202 Delictum
582 5143 705 5216 ‹lefimcti
727 5149 765 5204 od
788 5150 916 5206 haeredes
940 5169 998 5208 ιιοιι
1019 5153 1184 5210 extenditur.

456 5249 483 5286 rt·
506 5241 548 5286 lt.

1222 3049 1357 3120 quaeritur
1375 3047 1409 3101 de
1426 3047 1557 3110 ntatiere,
1581 3063 1652 3098 anne
1669 3045 1727 3098 scil·
1746 3045 1811 3096 baec
1830 3040 1990 3094 incarcerari

1224 3128 1327 3204 possit?
1346 3131 1403 3184 iios
1421 3149 1471 3200 pro
1489 3127 1634 3180 decidenda
1654 3129 1701 3180 hac
1718 3126 1872 3197 quaestione
1890 3123 1989 3175 distin·

1224 3215 1329 3287 guimus
1348 3217 1422 3268 inter
1438 3213 1581 3265 Mulierem
1599 3212 1739 3264 honestam
1758 3219 1787 3262 et
1803 3209 1990 3261 inhonestam·

1226 3299 1310 3371 priori
1319 3317 1380 3352 casu
1395 3299 1493 3351 iterum
1505 3296 1696 3362 distinguimus
1710 3295 1783 3346 intes
1793 3292 1923 3345 Debitum
1936 3309 1995 3344 mu·

1226 3383 1303 3437 lieris
1315 3393 1342 3435 et
1353 3383 1428 3435 inter
1440 3384 1497 3449 ejus
1504 3380 1765 3450 Delictuml’ropter
1771 3377 1860 3430 Ciuile
1869 3373 1993 3427 debitum

1228 3468 1269 3520 rel
1281 3465 1397 3520 fiscalem
1409 3462 1547 3536 pecuniam
1559 3462 1676 3514 debitam
1685 3462 1785 3513 Mulier
1797 3460 1906 3512 honesta
1918 3460 1998 3528 plane

1228 3571 1282 3605 uon
1299 3560 1389 3622 potest
1400 3547 1570 3610 incarcerari,
1581 3545 1629 3600 sed
1641 3547 1720 3598 dcbet
1734 3563 1780 3615 per
1791 3545 1863 3596 viros
1875 3541 1993 3604 delendi,

1228 3645 1274 3688 aut
1292 3631 1417 3687 execut‘n
1435 3633 1465 3685 in
1490 3633 1548 3698 ejus
1571 3629 1641 3682 brana
1661 3628 1770 3682 decerni
1795 3626 1909 3696 Magnil.
1937 3625 1991 3676 Do.

1230 3719 1375 3772 Brunneru.
1394 3719 1432 3772 od
1448 3719 1481 3770 L.
1498 3717 1531 3770 C·
1549 3715 1582 3768 de
1598 3715 1700 3768 custod.
1719 3717 1803 3766 lleor.

1264 3805 1322 3857 lloc
1341 3814 1430 3856 tameu
1447 3799 1628 3855 communiter
1650 3798 1769 3850 limitare
1792 3797 1880 3849 solent
1898 3803 1926 3848 et
1943 3811 1994 3846 nou
2036 3805 2054 3846 ι

1229 3887 1373 3958 procedere
1406 3886 1522 3948 dicunt,
1551 3881 1770 3953 quandocumque
1793 3882 1883 3932 ldater
1911 3880 1999 3930 tutrix

1229 3970 1348 4024 liliorum
1365 3980 1427 4024 ante
1445 3979 1595 4040 susceptam
1613 3967 1722 4019 tutelam
1740 3963 1908 4017 renunciavit
1919 3965 1998 4016 omni

1229 4057 1326 4125 Legum
1344 4057 1444 4110 auxilio
1463 4056 1517 4109 sibi
1534 4052 1713 4124 competenti,
1738 4059 1802 4101 tnnc
1825 4049 1925 4119 quippe
1949 4066 2000 4119 per

1230 4142 1456 4194 renunciationem
1479 4139 1559 4191 istam
1577 4138 1613 4191 ob
1632 4135 1771 4208 μιιιιιίιιιι
1788 4128 1857 4184 liliis
1876 4132 1997 4185 debitam

1230 4227 1334 4281 ratione
1353 4227 1449 4279 tutelae
1468 4235 1555 4297 potest
1573 4222 1749 4295 personaliter
1766 4220 1826 4290 capi
1843 4228 1872 4271 et
1890 4217 1920 4268 in
1939 4235 1998 4270 car-

1230 4326 1302 4362 ceres
1327 4307 1569 4380 mutuarentur
1588 4307 1621 4359 L
1643 4306 1676 4359 Si
1691 4303 1754 4376 quis
1769 4303 1819 4357 sub
1838 4299 2001 4355 conditione

1232 4413 1260 4446 ιι.
1285 4407 1323 4452 ιι.
1332 4391 1375 4460 ff.
1394 4393 1428 4446 de
1451 4395 1569 4446 Terram.
1594 4401 1643 4444 rae.
1662 4401 1688 4443 u
1707 4388 1738 4440 tu
1757 4389 1843 4441 Amt-
1869 4384 1957 4440 Hatra·
1977 4393 2008 4436 ιι

1235 4478 1324 4532 Auiae
1337 4498 1364 4531 ιι.
1380 4491 1419 4531 ts.
1437 4479 1467 4530 C.
1479 4477 1591 4549 qrtaudo
1611 4475 1681 4528 slat.
1698 4484 1747 4526 tut·
1766 4467 1853 4540 offis
1864 4491 1892 4540 ρ.
1903 4469 2004 4538 Quam·

1234 4563 1274 4616 eis
1292 4574 1380 4618 autem
1405 4564 1470 4617 baec
1494 4561 1615 4614 rideatur
1638 4576 1697 4612 esse
1722 4555 1874 4609 communis
1891 4552 2004 4625 opinio,

1234 4649 1321 4700 verim
1341 4657 1426 4700 tamen
1441 4656 1482 4700 est
1495 4643 1627 4698 sententia
1646 4639 1787 4701 contraria,
1799 4637 1928 4707 qraouiam
1942 4653 2002 4705 spe*

1236 4731 1311 4784 cialis
1330 4731 1407 4798 hujus
1422 4729 1603 4792 Anthemione,
1626 4725 1682 4782 Sed
1697 4724 1778 4778 laodic
1788 4725 1822 4778 G·
1835 4722 1868 4775 de
1882 4715 1939 4788 Off.
1951 4719 2006 4771 dic.

1236 4814 1300 4868 Jut
1321 4815 1487 4868 renunciatio
1505 4823 1546 4866 est
1563 4810 1724 4875 necessaria,
1743 4809 1768 4861 si
1786 4803 1866 4860 suad
1883 4803 2003 4875 corporis

1233 4910 1369 4969 capturam
1389 4908 1474 4952 muter
1489 4897 1576 4950 tutrix
1587 4896 1706 4964 obligare
1717 4893 1790 4946 relit.
1801 4889 2008 4944 Christianaeus

1236 4985 1302 5036 Dec.
1320 4995 1377 5034 ιιι.
1390 5003 1419 5036 ιι.
1435 4995 1457 5036 t.
1471 4981 1593 5037 Menoch.
1607 4981 1625 5031 l.
1641 4990 1651 5030 ι
1677 4981 1716 5032 A.
1731 4979 1763 5030 J.
1779 4979 1811 5045 Q.
1824 4986 1905 5052 n'ts.
1919 4991 1947 5026 ιι.
1964 4986 2005 5025 ιι.

1237 5067 1340 5121 Quart.
1362 5079 1386 5120 ι.
1405 5071 1469 5122 lies.
1488 5085 1512 5120 c.
1533 5079 1555 5118 ι.
1575 5085 1602 5118 ιι.
1625 5077 1650 5117 ι.
1670 5063 1759 5120 lctus
1772 5062 1955 5113 Bruuncmau.
1971 5055 2013 5108 ml

1236 5155 1268 5206 L·
1293 5165 1313 5204 t.
1331 5163 1358 5204 et
1378 5153 1465 5206 Autlt.
1481 5169 1555 5223 seqq·
1577 5151 1607 5204 C·
1626 5149 1659 5202 de
1680 5143 1737 5215 Off·
1756 5144 1808 5198 dir.
1830 5142 1898 5196 Jud·
1912 5139 1965 5193 Sed
1986 5141 2010 5192 si

1237 5236 1271 5289 de
1293 5235 1415 5288 Crimine
1438 5236 1518 5304 hujus
1544 5231 1668 5286 mulieris
1692 5239 1803 5298 agatur,
1823 5245 1872 5281 nec
1891 5245 1940 5298 pru
1960 5225 2011 5278 hoc

421 5317 468 5372 An
479 5315 632 5390 fideiussor
643 5327 699 5370 tum
713 5317 741 5372 iu
754 5337 837 5376 rausa
851 5322 925 5376 cicili
936 5343 1019 5394 qaam
1038 5321 1188 5382 Crimiunli
1238 5320 1432 5384 incarceranda,
1446 5321 1501 5384 sed,
1515 5319 1586 5370 datis
1603 5314 1807 5382 fidejussoribus
1826 5322 1871 5365 aut
1890 5320 2009 5382 praesta·

455 5417 507 5474 usu
529 5401 683 5474 l'timipuli
700 5402 904 5462 incurreretur?
922 5427 949 5462 ιι.
971 5419 1013 5460 ιι.

1240 5409 1312 5460 ιίιιιιι
1329 5405 1480 5460 duramenti
1493 5403 1525 5456 dc
1538 5401 1642 5458 ludicii
1651 5397 1840 5454 observatione
1861 5393 2014 5458 relaxanda,
