4482 6328
357 503 410 578 st,
803 501 851 558 ιι
865 501 1047 560 ιιιιιιιι
1067 501 1348 562 ιιιτιιιιιιιι.
1740 509 1793 562 ιιι

284 597 348 656 clem
366 602 461 656 iterum
480 595 651 654 reconveniri
669 605 760 670 potest
781 611 836 654 non
862 599 981 653 obstante
998 599 1055 669 pri·
1104 599 1275 653 reccnmutio
1293 597 1455 670 admittitur,
1474 595 1522 656 sed
1538 611 1662 672 eatenus,
1680 615 1809 676 qnatenus
1827 605 1867 660 tau

283 685 382 756 rilegio
412 684 466 740 t'ori
497 685 598 738 ratione
631 699 785 756 personae,
819 701 885 754 quae
922 685 1053 738 sententia
1104 685 1186 737 txsltas
1203 685 1314 752 judicis,
1335 686 1376 738 sel
1395 703 1487 740 causac
1504 688 1616 758 qrralitas
1636 708 1688 744 non
1708 707 1868 762 repugnateh

283 774 436 826 cummunis
460 781 522 836 est,
555 787 584 824 ιι
609 773 639 824 iu
663 771 741 842 praxi
765 781 867 841 recepta
891 772 1003 838 zanger·
1020 770 1055 822 cle
1103 770 1149 824 riu
1171 771 1291 825 Tertiam
1310 771 1439 825 rationem
1457 774 1600 829 manifesto
1618 793 1758 845 negamus,
1772 777 1869 832 siearn

282 861 401 928 Except.
420 861 456 912 P.
478 867 503 908 ι.
523 875 546 909 ι.
569 865 591 908 t.
611 875 640 908 n.
659 866 704 908 ιι.
720 855 860 926 Theophit.
873 856 1007 910 Gisehert.
1021 855 1054 909 de
1103 853 1136 908 de
1153 871 1230 908 eausa
1250 855 1388 926 speciatim
1408 857 1594 927 privilegiata,
1612 862 1698 930 qualis
1716 871 1758 914 est
1777 862 1868 934 cogni·

284 946 453 998 Ileccncent.
473 959 494 995 c.
517 951 557 994 tt.
577 959 604 992 n.
626 949 651 990 t.
669 957 742 1011 seqp.
759 940 855 1010 llillig.
881 940 909 994 in
935 942 1012 994 Bon.
1035 939 1054 991 l.
1105 939 1142 994 tio
1160 940 1194 993 de
1212 940 1299 995 feudis
1318 941 1473 1011 regalibus,
1490 943 1556 995 velit
1575 945 1744 998 intellectam.
1761 947 1868 1013 Quarto

287 1037 329 1080 st.
348 1043 371 1078 c.
394 1035 436 1078 ts.
454 1023 494 1076 lit.
514 1041 550 1076 m.
569 1024 704 1092 Molignat
720 1024 754 1078 ds
771 1027 934 1079 liecensem.
952 1044 997 1096 qu.
1010 1033 1052 1078 ιι.
1104 1043 1166 1078 reru
1185 1025 1248 1080 dum
1266 1025 1424 1096 praejudicii
1438 1027 1516 1080 rerba
1529 1043 1582 1081 nou
1595 1028 1687 1094 babet,
1701 1047 1749 1082 nee
1760 1047 1870 1102 respon-

285 1109 319 1164 δί
337 1119 429 1162 tumen
448 1118 592 1163 conventas
604 1127 619 1160 ι
631 1107 728 1162 ιιιιίιι
740 1124 827 1162 coram
841 1108 928 1176 judice
942 1107 1054 1162 seculari
1107 1109 1186 1163 sione
1204 1129 1274 1180 opus
1293 1111 1353 1164 erit.
1371 1111 1420 1164 Uti
1437 1129 1499 1166 reru
1517 1129 1550 1166 ex
1568 1113 1726 1182 allegatione
1744 1115 1784 1169 ibi
1802 1114 1871 1171 iacta

283 1191 407 1246 eumdem
422 1193 456 1272 de
473 1209 550 1248 eausa
566 1191 705 1263 spirituali
722 1193 892 1246 reconvenire
904 1193 993 1257 vellet,
1005 1193 1055 1245 hoc
1103 1205 1233 1265 apparet,
1252 1196 1296 1248 aix
1315 1197 1345 1248 iu
1364 1197 1434 1250 dicto
1452 1197 1615 1268 praejudicio
1633 1198 1667 1250 de
1683 1197 1764 1252 fendo
1786 1199 1872 1270 regali

284 1295 340 1332 nun
358 1277 589 1349 permittendum,
607 1277 723 1332 Ursinus
741 1278 767 1330 d.
792 1277 837 1331 Tr.
856 1294 879 1330 c.
898 1287 942 1329 ts.
960 1297 989 1330 n.
1011 1289 1052 1330 te·
1103 1279 1282 1334 controversia
1300 1279 1361 1334 tuit.
1381 1281 1468 1336 subn
1483 1299 1546 1352 crgo
1563 1279 1643 1336 firma
1661 1282 1785 1350 decisio,
1803 1285 1874 1338 bane

284 1376 360 1430 seqq.
384 1362 497 1428 zangar.
511 1360 538 1412 d·
553 1379 583 1413 n·
600 1372 660 1414 ιιι.
679 1359 760 1428 Cuius
778 1359 907 1412 rationem
926 1359 1054 1429 inrogata
1103 1367 1337 1422 recomentionen
1354 1367 1469 1420 minine
1487 1368 1679 1422 admittendam
1698 1385 1756 1424 asse
1772 1369 1808 1422 οι
1831 1387 1872 1424 ιι

285 1444 416 1498 collocant
436 1442 490 1496 Dd.
509 1442 700 1499 communiter:
713 1441 746 1497 de
757 1459 919 1512 quacumque
931 1459 1006 1496 causa
1019 1443 1053 1496 ob
1103 1453 1190 1520 gislam
1210 1453 1299 1508 puis,
1319 1463 1361 1505 η,
1380 1451 1528 1506 stium,
1548 1451 1599 1506 cui
1616 1451 1736 1523 quamvis
1759 1467 1873 1524 respon.

287 1531 432 1603 specialem
453 1547 525 1583 suam
545 1527 698 1599 qualitatem
715 1527 798 1598 judex
823 1545 978 1596 cognoscere
1002 1545 1054 1580 non
1103 1533 1168 1587 dere
1185 1543 1295 1589 conetur
1311 1536 1448 1606 Mylerus,
1467 1535 1514 1592 rix
1530 1547 1618 1591 tamen
1636 1537 1756 1590 eamdem
1781 1554 1878 1592 more*

284 1623 375 1685 potest
394 1630 441 1687 per
462 1613 572 1666 modum
592 1613 792 1677 conventioniis
812 1611 846 1664 ὅθ
863 1627 892 1665 ⁸⁸
904 1611 1053 1680 Πθΰθῡιΰῑ·
1104 1621 1160 1685 bit,
1177 1640 1238 1675 cuna
1258 1623 1377 1676 rationes
1397 1621 1427 1677 in
1443 1623 1607 1677 eontrarium
1632 1621 1761 1677 adductae·
1784 1622 1873 1695 primu

286 1701 390 1752 fiunem
409 1697 489 1750 habel
507 1713 556 1769 pet·
576 1699 683 1752 modum
702 1696 926 1751 reconvenllonis.
944 1695 1052 1750 Robet'l.
1102 1705 1199 1759 obtutu
1226 1707 1335 1759 ruinam
1360 1707 1497 1778 propriam
1521 1707 1697 1761 minitentur:
1720 1705 1790 1777 Ergo
1820 1725 1872 1778 φο

284 1783 409 1836 Μιιιιιιι
429 1781 458 1836 ira
477 1783 576 1854 specul.
593 1785 630 1836 P.
651 1792 675 1834 t.
698 1782 760 1837 dist.
785 1794 809 1835 s.
836 1779 932 1834 Juds'c.
956 1801 1001 1852 pn·
1028 1791 1052 1832 ²·
1103 1787 1190 1842 insius
1209 1789 1271 1842 huic
1289 1790 1397 1859 negotio
1414 1792 1604 1855 immoremur,
1622 1789 1873 1864 nccpretinauope·

286 1865 435 1936 principcl.
455 1885 486 1920 ι.
504 1878 546 1919 tt.
566 1869 677 1936 Zangcr·
697 1866 723 1919 d·
742 1866 760 1918 l·
779 1885 807 1920 ι.
827 1877 887 1920 stt.
904 1863 983 1918 Unde
999 1881 1051 1918 που
1103 1889 1149 1926 ιιι
1166 1882 1222 1940 est,
1241 1891 1292 1926 nec
1310 1873 1454 1930 breuitatis
1474 1874 1593 1927 studium
1611 1873 1757 1944 permittit.

286 1946 464 2002 dubitandum
486 1949 519 2004 de
535 1949 590 2003 illis
607 1949 711 2014 unsis,
729 1967 795 2021 quae
807 1967 840 2002 ex
852 1949 960 2021 speciali
971 1950 1053 2004 ratio·
1140 1958 1311 2011 porrocirca
1335 1974 1490 2030 processum
1511 1957 1699 2028 Austregarom
1723 1957 1872 2029 quaeritur,
1944 1971 1947 1976 '

285 2049 342 2098 ne,
362 2035 447 2106 quoad
466 2037 670 2092 conventionem
688 2035 719 2090 ad
750 2035 847 2088 Forum
868 2036 1053 2104 tussregannn
1103 2059 1138 2096 an
1157 2041 1312 2113 prorogatio
1330 2041 1359 2094 in
1379 2061 1409 2096 eu
1429 2039 1613 2094 admittenda?
1633 2050 1710 2110 uegm
1734 2040 1784 2095 hoc
1807 2043 1875 2096 voi.

285 2133 341 2169 ιιι
358 2127 496 2190 spectant,
515 2118 620 2176 easdem
637 2137 687 2174 nec
706 2118 905 2174 reconventioni
917 2120 946 2172 in
960 2121 1054 2174 eodem
1104 2127 1150 2195 sei.
1169 2127 1208 2181 ιᾰ
1224 2129 1258 2181 L.
1282 2137 1305 2180 ι,
1329 2127 1360 2179 ι’.
1379 2127 1427 2181 ubi
1442 2130 1535 2180 Senot.
1554 2123 1597 2179 ssi
1612 2121 1756 2176 clarissim,
1781 2143 1810 2178 ιι.
1830 2137 1873 2178 ιι.

286 2199 345 2254 loro
363 2203 492 2258 obnoxias
511 2223 578 2262 esse
1104 2213 1217 2268 Bocerm
1246 2212 1280 2268 de
1305 2212 1448 2268 Jnrisdict.
1472 2229 1495 2265 e.
1522 2223 1546 2265 t.
1572 2229 1609 2264 sn
1629 2219 1675 2264 ιι.
1690 2211 1814 2267 Ummins
1840 2211 1875 2267 de

324 2285 364 2337 Ex
383 2286 427 2340 his
442 2305 505 2344 aero
520 2293 632 2360 jamjam
649 2287 864 2363 praesuppositis
881 2289 1001 2360 quaestio
1014 2305 1054 2342 se·
1104 2301 1188 2353 proc,
1209 2297 1245 2351 D.
1269 2308 1293 2349 t.
1312 2297 1349 2349 ri..
1369 2309 1412 2350 so,
1428 2296 1458 2350 in
1467 2294 1525 2366 fin.
1545 2294 1687 2351 ustionem
1707 2293 1737 2347 in
1750 2295 1876 2350 0000110.

285 2389 370 2444 queus
389 2371 536 2429 decidenda
554 2376 623 2430 erit:
642 2393 677 2429 an
697 2376 865 2430 reconventio
883 2375 913 2428 iu
931 2391 1054 2444 processu
1104 2391 1182 2444 einr,
1196 2382 1258 2452 qni.
1279 2381 1466 2452 iusti-egaram
1485 2379 1616 2452 judicium
1628 2396 1661 2434 ιι
1676 2379 1802 2450 ,inguini
1815 2397 1876 2450 gn.

288 2457 476 2529 Austregarum
497 2456 559 2514 fieri
578 2460 665 2532 possit
682 2461 713 2512 in
732 2461 817 2514 causis
834 2460 997 2514 Feudal'shus
1014 2474 1055 2512 re·
1104 2465 1142 2518 tia
1162 2465 1279 2519 statibus
1301 2466 1411 2536 imperii
1430 2481 1598 2529 concessum,
1618 2471 1649 2518 nt
1671 2463 1695 2517 si
1722 2463 1762 2516 ibi
1787 2481 1876 2536 proro-

285 2544 374 2612 galenc
391 2543 552 2614 dignitatern
571 2562 703 2599 annexam
721 2543 900 2599 habentibus?
928 2559 1055 2614 operosus
1105 2550 1176 2620 gatio
1194 2550 1374 2614 admittatur,
1392 2551 1439 2616 id,
1458 2551 1481 2603 ai
1499 2567 1554 2603 nun
1573 2558 1680 2612 contra,
1700 2549 1876 2619 saltemprae·

288 2627 385 2680 estin
411 2628 461 2682 bac
486 2629 643 2701 quaestione
668 2629 755 2682 Nicul.
777 2629 873 2699 blyler.
890 2628 919 2682 in
937 2627 1000 2696 edd
1019 2628 1057 2681 ad
1108 2643 1150 2688 ter
1171 2633 1346 2704 Imperatoris
1372 2643 1400 2687 et
1424 2635 1586 2705 reliquorum
1611 2631 1722 2702 imperii
1757 2632 1884 2684 statuum·

288 2712 433 2768 Burnelin.
451 2716 488 2770 Ρ.
509 2724 535 2768 ι.
552 2712 619 2767 diss.
638 2725 661 2767 t.
680 2712 775 2766 coruli.
794 2727 817 2767 t.
836 2731 915 2783 quam
940 2732 955 2765 ι
980 2707 1053 2769 ntlto
1103 2718 1283 2773 intentionem
1302 2715 1359 2772 bat.
1385 2718 1524 2781 Attamen,
1551 2714 1574 2768 si
1600 2713 1770 2784 llypotlaesiu
1795 2729 1874 2784 supe-

287 2807 363 2852 antea
384 2797 530 2853 discussam
550 2799 628 2853 dicit.
649 2799 681 2850 ln
700 2816 757 2852 earn
775 2816 835 2852 tero
859 2799 970 2852 inclinat
995 2796 1054 2854 sen·
1104 2801 1160 2854 rins
1179 2803 1359 2872 propositam,
1378 2804 1437 2855 scil·
1456 2800 1675 2870 jurisdictionem
1687 2797 1877 2866 Austregsrum

289 2880 418 2946 tentiam,
444 2882 525 2935 etiam
551 2881 585 2935 de
607 2880 686 2935 t'cudo
704 2881 783 2950 regali
802 2897 892 2934 coram
917 2879 1055 2948 Austregis
1104 2883 1271 2937 ordinariam
1289 2901 1360 2948 esse,
1387 2883 1575 2942 attendamus,
1602 2897 1656 2932 nen
1681 2880 1778 2944 siden,
1810 2877 1877 2948 quid

287 2965 521 3020 reconventionem
540 2965 645 3020 institui
665 2981 749 3036 posse.
767 2963 988 3034 Rationibuspro
1001 2971 1054 3014 sta·
1105 2969 1287 3039 prorogationi
1307 2967 1502 3038 impedimento
1521 2979 1579 3016 esse
1596 2961 1699 3032 possits
1722 2962 1875 3035 prorogatio

288 3046 408 3102 bilienda
427 3065 472 3101 sua
484 3049 616 3102 sententia
629 3049 715 3100 utitur
728 3047 897 3116 sequentibus
911 3045 963 3116 (t.)
977 3047 1056 3096 llunc
1105 3053 1178 3106 enim
1197 3051 1268 3102 nihii
1288 3051 1364 3104 iliud
1385 3059 1442 3115 esi,
1461 3065 1539 3118 quim
1558 3045 1876 3115 jurisdictionisordim.

288 3147 378 3184 casum
402 3131 460 3201 jure
485 3129 584 3184 feudali
607 3132 648 3186 tel
677 3127 917 3183 constitutionibus
942 3127 1053 3196 imperii
1105 3133 1161 3186 riae
1184 3133 1217 3184 ad
1242 3134 1312 3186 alias
1338 3149 1428 3186 causas
1451 3131 1602 3203 apartibus
1621 3130 1690 3184 lacta
1707 3129 1825 3185 extensio
1844 3131 1875 3183 l.

290 3231 417 3286 expresse
434 3217 554 3270 decisum
573 3233 626 3268 nou
645 3231 720 3280 esse,
735 3231 799 3282 ergo
815 3211 936 3266 standum
949 3211 1002 3280 juri
1017 3210 1054 3264 ci·
1110 3225 1131 3267 ι.
1149 3217 1179 3269 c,
1199 3214 1232 3267 as
1245 3215 1354 3286 jurisd,
1370 3233 1436 3286 quio
1450 3213 1571 3268 annaio
1583 3214 1697 3284 privatis
1710 3213 1876 3284 litigantibus

289 3302 347 3353 rili.
365 3301 418 3372 (t.)
437 3301 651 3357 constitutiones
664 3301 814 3372 imperii-ct
823 3303 865 3370 jus
877 3298 979 3352 teudula
990 3316 1055 3370 quo-
1105 3304 1164 3370 jure
1183 3303 1326 3355 cummuni
1345 3319 1469 3356 concessa
1485 3302 1504 3353 i.
1525 3313 1549 3354 ι.
1566 3301 1599 3356 G.
1619 3301 1678 3353 eud.
1697 3301 1728 3354 tt:
1752 3297 1824 3372 iffi
1843 3300 1877 3354 de

287 3403 339 3454 que
357 3385 498 3440 admittere
525 3386 763 3440 recensentionem.
788 3384 841 3454 (ι.)
863 3384 1056 3436 lteconrentio·
1100 3383 1186 3454 judic.
1199 3384 1305 3455 Quidni
1322 3403 1389 3455 ergo
1402 3385 1434 3437 in
1447 3399 1572 3456 processu
1585 3383 1820 3454 Austregarumad
1833 3386 1875 3452 jn

289 3487 352 3524 netu
371 3469 398 3522 id
416 3471 539 3540 operari,
557 3477 591 3522 nt
606 3487 699 3522 canuc
717 3469 836 3540 alioquin
855 3467 953 3537 judicia
973 3467 1054 3536 juris·
1107 3485 1249 3521 commune
1267 3469 1475 3534 recurrendum,
1496 3470 1563 3521 dum
1581 3467 1639 3537 lege
1663 3465 1774 3537 imperii
1804 3465 1877 3518 nihil

291 3553 405 3609 nedoni
423 3563 583 3625 exemptae,
607 3553 783 3607 nihilominus
809 3569 897 3606 caram
919 3569 951 3604 eo
970 3551 1057 3622 iudice
1107 3551 1210 3608 diuersi
1228 3562 1362 3616 statutum
1381 3552 1529 3609 ridemus?
1546 3554 1604 3606 imo
1621 3552 1743 3621 Vulteius
1766 3549 1825 3623 ipse
1850 3550 1877 3604 d.

288 3641 411 3697 santilari
427 3641 542 3710 possint.
561 3635 611 3709 (t.)
631 3635 828 3706 praejudicinm
847 3637 949 3706 allegat.
1107 3637 1134 3688 l..
1147 3656 1176 3690 ιι.
1195 3648 1237 3690 tt.
1256 3638 1320 3692 licet
1338 3639 1552 3710 prorogationem
1568 3635 1689 3706 alioquin
1706 3643 1794 3704 neget,
1813 3651 1872 3688 earn

327 3725 380 3780 snt
399 3725 445 3780 aix
463 3734 517 3786 est,
536 3732 568 3776 ιι
584 3721 711 3776 minoium
730 3721 779 3774 bac
796 3720 825 3774 in
837 3729 914 3790 parte
925 3730 1057 3776 mereatur
1108 3731 1200 3776 ιιιιιιι
1217 3720 1367 3776 concedere
1385 3723 1505 3793 cogitans
1522 3740 1589 3794 quae
1606 3729 1714 3774 vocatur
1726 3719 1759 3772 de
1774 3729 1876 3789 tempo

289 3811 424 3879 Mylerua,
443 3809 572 3863 Primum
592 3807 665 3860 enim
682 3807 814 3859 rationem
833 3823 979 3875 negamus,
1000 3823 1056 3859 ma·
1107 3820 1136 3855 re
1156 3801 1190 3857 ad
1209 3812 1330 3875 tempus,
1344 3822 1455 3876 umque
1466 3823 1515 3862 usu
1528 3805 1628 3860 sonari
1641 3811 1761 3856 testatur.
1776 3803 1877 3871 Quom-

289 3895 391 3948 nilesto
409 3893 481 3945 nihil
499 3893 547 3945 huc
565 3889 598 3944 de
623 3907 652 3944 re
677 3890 916 3944 constitutionibus
945 3890 1058 3960 imperii
1106 3904 1184 3956 quaro
1204 3887 1270 3940 alibi
1288 3889 1434 3960 praelatam
1446 3889 1658 3962 prorogationem
1671 3886 1815 3940 concedere
1827 3903 1876 3943 no·

292 3977 456 4048 dispositum
472 3993 549 4043 esse,
566 3977 665 4048 quippe
684 3973 834 4028 euidentior
851 3983 936 4028 textus
962 3985 1003 4028 est
1028 3977 1057 4028 in
1108 3971 1172 4037 lint,
1191 3981 1346 4042 propterea,
1365 3974 1436 4043 quod
1462 3975 1536 4046 lapso
1561 3985 1678 4044 tempore
1702 3971 1879 4043 exspiraverit

296 4063 328 4112 0.
350 4062 379 4112 C.
398 4064 434 4115 P.
456 4071 478 4111 ι.
497 4073 516 4112 t.
536 4072 561 4114 t.
578 4079 658 4132 quam
674 4069 703 4112 nt
714 4057 947 4113 reconventioucm
960 4059 990 4111 in
1003 4059 1059 4112 leu-
1107 4057 1278 4125 jurisdictio,
1297 4059 1413 4130 ideoque
1432 4059 1548 4129 amplius
1565 4060 1704 4132 prorogari
1715 4077 1768 4112 nun
1781 4061 1877 4129 possit.

294 4143 328 4198 do
347 4144 428 4214 regali
447 4143 583 4209 admittat,
603 4143 667 4196 dum
686 4141 734 4196 soli
755 4141 915 4212 Imperatori
933 4142 990 4210 ejus
1014 4160 1056 4196 uo·
1110 4141 1208 4195 Bernb.
1231 4143 1346 4197 Sutbolt.
1366 4145 1402 4197 de
1422 4141 1565 4196 Jurisds'ct.
1584 4145 1621 4196 ct.
1644 4155 1704 4196 stt.
1725 4143 1821 4213 Hillig.
1843 4143 1873 4198 in

292 4228 445 4298 guitionem
472 4225 619 4282 adscribit:
640 4227 710 4297 Ergo
737 4223 908 4278 ratiocinium
935 4225 1057 4276 certissi·
1111 4229 1186 4280 Dor.
1205 4230 1223 4280 l.
1247 4241 1291 4281 tt.
1310 4247 1334 4280 c.
1351 4241 1391 4282 tu.
1406 4229 1445 4280 lit.
1459 4231 1495 4282 Ρ.
1507 4239 1622 4283 attamen
1634 4229 1696 4300 qnia
1710 4231 1876 4300 eadempro

280 4329 389 4365 annm:
410 4311 513 4380 dequo
532 4311 581 4364 soli
599 4311 758 4384 Imperatori
778 4326 933 4378 cognoscere
958 4309 1059 4372 datum,
1108 4315 1209 4383 rogatio
1225 4313 1254 4365 in
1273 4315 1334 4382 jure
1348 4311 1520 4366 fundamento
1537 4315 1613 4366 omni
1633 4331 1686 4366 non
1713 4315 1876 4368 destituitur.

292 4397 327 4450 de
345 4414 375 4450 eo
387 4395 491 4466 judices
505 4395 696 4468 lustregarnus
707 4411 865 4466 cognoscere
878 4393 991 4446 minime
1003 4411 1060 4464 pos·
1109 4399 1141 4450 L
1163 4407 1186 4448 t.
1203 4395 1227 4470 5.
1248 4407 1273 4447 ι.
1284 4396 1331 4467 ff·
1345 4399 1380 4451 de
1390 4397 1477 4466 judic.
1498 4399 1607 4466 iusuper
1632 4399 1689 4467 jure
1707 4397 1810 4449 Canon.
1830 4415 1875 4450 ex·

295 4492 367 4536 sunt.
386 4481 422 4536 Et
438 4480 559 4552 quamvis
577 4481 611 4533 ad
629 4481 680 4535 hoc
698 4489 800 4550 regerat
823 4479 962 4546 Mylerus,
990 4477 1059 4532 hune
1109 4497 1201 4550 presse
1219 4483 1390 4552 comprobata
1407 4481 1435 4532 in
1456 4499 1479 4532 c.
1497 4481 1530 4534 ds
1547 4481 1640 4534 causis
1660 4479 1875 4552 t..X.de'offic.

295 4584 385 4620 casum
403 4575 544 4638 exceptum
558 4582 613 4620 non
627 4583 698 4632 esse,
713 4583 774 4638 ergo
787 4563 906 4618 standum
922 4562 974 4629 iuri
988 4581 1059 4616 com·
1111 4576 1140 4616 et
1156 4575 1213 4632 pot.
1227 4567 1287 4636 jud.
1307 4567 1392 4636 deleg.
1413 4566 1515 4618 merito
1531 4565 1752 4635 toleraripotest
1763 4566 1800 4618 ,Si
1815 4585 1876 4618 vero

294 4653 386 4716 muni,
404 4649 552 4722 respondeo
571 4649 656 4715 enim,
676 4649 739 4703 satis
757 4656 881 4719 exceptus
900 4655 940 4698 est
957 4663 1005 4715 per
1032 4645 1060 4698 d.
1109 4651 1259 4720 prorogatio
1278 4650 1312 4703 de
1331 4661 1450 4720 tempore
1462 4649 1493 4702 ad
1510 4658 1618 4717 tempus
1632 4647 1661 4700 in
1676 4663 1805 4718 processu
1820 4649 1873 4702 slu-

297 4745 354 4786 r.t.
373 4734 510 4786 materiam
532 4731 799 4802 Austregnrummox
810 4731 1002 4798 insequentem,
1014 4727 1059 4798 qui
1109 4743 1256 4803 stregarutn
1281 4733 1450 4797 adrnittitnr,
1474 4732 1540 4802 quit
1565 4731 1699 4788 obmculo
1722 4733 1799 4796 erit,
1824 4753 1876 4804 quo

295 4815 392 4870 titulus
411 4813 437 4868 si
453 4813 569 4887 penitius
594 4815 773 4886 inspiciatur,
799 4814 920 4885 exceptio
943 4813 1062 4865 incurret
1111 4818 1203 4870 minus
1222 4820 1373 4888 prorogatio
1391 4829 1416 4892 pt
1432 4816 1559 4872 decausa
1577 4816 1611 4868 ad
1634 4833 1737 4870 eausam
1756 4817 1808 4870 sibi
1835 4819 1874 4870 lo·

295 4903 327 4954 in
345 4899 450 4964 octssos,
468 4897 504 4950 ob
522 4898 601 4951 rerba
619 4899 666 4952 illa
685 4901 710 4952 d.
730 4909 747 4950 t.
764 4897 895 4968 t·1‘edocla
909 4897 936 4951 in
952 4897 1058 4953 undem
1109 4919 1170 4953 cum
1189 4902 1327 4956 uindicet?
1344 4919 1392 4956 nec
1409 4901 1551 4972 quisquam
1571 4901 1599 4954 in
1619 4902 1782 4958 eontrarium
1802 4900 1877 4970 iacit,

295 4983 403 5040 Suclren
420 4983 512 5037 dieser
530 4981 665 5056 ordnung
680 4983 875 5054 aannhlrticlrig.
892 4983 959 5053 Ergo
976 4983 1060 5054 quoad
1107 4983 1177 5052 quod
1188 4985 1246 5038 boc
1267 4984 1354 5039 iorum
1373 5003 1407 5038 ex
1425 4985 1558 5056 singulari
1574 4986 1660 5056 gratia
1681 4984 1805 5040 statibus
1820 4987 1873 5038 im·

297 5068 376 5122 feuda
406 5068 503 5138 regalia
531 5067 720 5139 exceptionem
741 5070 884 5122 constitnit
903 5069 1059 5140 Imperator.
1110 5068 1183 5137 perii
1201 5085 1365 5124 eoncessum:
1385 5071 1459 5124 llaec
1477 5069 1551 5123 enim
1571 5071 1654 5140 gratia
1672 5069 1740 5140 ipsis
1751 5069 1875 5121 eonati·

297 5152 504 5212 Secundnratio
517 5154 569 5207 etsi
582 5152 673 5223 negari
684 5165 805 5224 nequest,
818 5155 885 5208 male
897 5165 983 5208 tamen
998 5154 1060 5207 inde
1111 5151 1205 5216 mitur,
1237 5171 1285 5224 per
1308 5153 1506 5226 prorogationis
1537 5155 1751 5218 octnmsionern,
1774 5154 1875 5222 quippe

296 5239 422 5296 intercur:
444 5241 467 5292 si
485 5242 543 5309 jura
561 5237 686 5292 Fnsdtlia
705 5249 733 5292 et
750 5239 953 5292 constitutiones
972 5240 1058 5310 impe·
1109 5237 1261 5306 prorogatis
1279 5239 1365 5292 libera
1384 5248 1424 5292 est
1441 5238 1622 5308 litigantibus,
1643 5239 1711 5292 etin
1730 5253 1820 5290 eorum
1834 5257 1874 5290 sn

299 5325 335 5378 rii
355 5325 500 5378 admittunt
511 5325 757 5386 resurrectionem,
774 5341 833 5393 ergo
844 5324 925 5377 etiam
936 5323 969 5376 de
982 5323 1061 5376 leudo
1111 5321 1214 5376 lnatate
1231 5321 1369 5386 consistit,
1389 5333 1417 5376 ut
1435 5321 1500 5374 hinc
1517 5340 1567 5374 nec
1591 5323 1674 5376 ruenti
1701 5323 1878 5391 imperatoris

298 5411 388 5481 regui
408 5429 438 5466 ea
462 5411 581 5466 institui
601 5421 700 5482 potest.
720 5409 779 5464 Non
803 5407 1057 5478 enimsimpliciter
1110 5421 1256 5478 repugnare
1275 5407 1410 5472 rideatur,
1428 5408 1475 5476 qui
1493 5407 1649 5478 quidemin
1673 5406 1791 5476 gratiana
1813 5407 1874 5462 sta-
