4504 6344
350 521 400 586 ιιι
687 507 1442 568 neronuanenermunannrrttsoeurrn.
1739 515 1792 582 ιιι

276 617 344 672 toris
363 616 497 676 interest,
515 620 543 664 nt
560 606 626 672 sibi,
646 605 670 660 si
688 617 790 678 emptor
808 607 875 660 alins
892 606 979 671 adsit,
999 622 1043 658 ce·
1097 623 1151 660 non
1170 605 1314 660 secundnm
1334 607 1490 661 voluntatem
1509 607 1640 666 debitoris
1657 613 1697 668 rei
1716 611 1869 678 crediturir‘,

277 709 381 764 veatnr,
401 693 501 750 sniircit
518 693 620 764 quippe
639 734 646 758 ,
665 691 743 746 mndo
769 691 823 763 ipsi
850 691 960 764 pecnnia
979 690 1044 743 inde
1097 690 1143 744 sed
1162 689 1195 742 ad
1213 693 1408 762 praescriptum
1428 691 1504 760 juria,
1522 696 1581 748 sine
1600 696 1870 770 alteriuspartislae·

277 783 395 846 redacta,
414 778 598 840 satisfactum,
616 776 781 848 postmodum
801 777 953 830 literatura
972 774 1043 829 debi·
1096 775 1180 839 eione,
1197 777 1411 830 aestimationem
1430 775 1526 829 debere
1545 778 1683 834 instituere
1698 781 1750 833 Dn.
1770 781 1867 854 Carpe.

277 866 424 930 torserit,
443 861 655 935 necpericnlnm
674 877 706 913 ex
726 863 883 914 venditione
902 862 929 914 in
958 859 1044 914 credi·
1096 861 1176 931 Acyl.
1195 859 1219 914 d.
1238 880 1261 916 c.
1282 871 1305 912 4.
1325 879 1352 914 ιι.
1374 859 1605 916 ι4ι.(1ιιιιιιι1ιιιιιι
1625 881 1687 934 ergo
1705 865 1809 938 utrique
1821 875 1862 918 est
1905 873 1938 918 rt

276 965 358 1008 torem
379 947 547 1004 redundabit.
567 947 704 1018 Emptoris
722 947 905 1016 maximopere
923 947 1044 1010 interest,
1095 948 1144 1000 hac
1167 946 1291 1017 judiciali
1315 944 1513 1011 aestimatione,
1536 947 1665 1001 creditori
1690 949 1816 1019 quidem,
1844 951 1869 1002 si

277 1039 330 1092 sibi
346 1035 495 1090 cautionem
514 1035 664 1104 praestari,
683 1047 744 1084 cnm
763 1031 946 1086 obaeratorum
972 1029 1044 1083 debi·
1096 1033 1209 1087 minoris
1233 1033 1389 1087 aestimetur
1406 1047 1448 1084 res
1465 1049 1543 1101 quam
1567 1051 1670 1088 summa
1695 1033 1796 1096 debiti,
1824 1033 1862 1086 ita

276 1135 362 1179 torum
382 1121 444 1174 baec
463 1121 617 1193 plerumque
635 1119 672 1172 eit
691 1115 827 1182 conditio,
847 1127 877 1170 nt
900 1115 968 1170 bona
998 1131 1043 1168 sne
1096 1119 1165 1172 satra
1184 1117 1238 1171 erit
1255 1117 1352 1186 petitio
1372 1115 1629 1170 residuil.Debitcri
1647 1133 1717 1181 rero,
1736 1116 1759 1168 si
1778 1116 1862 1188 pluris

276 1227 330 1263 non
351 1207 480 1279 proprio,
500 1203 545 1258 sed
564 1205 650 1258 alieno
664 1201 718 1256 scre
733 1204 792 1272 jure
805 1201 967 1274 possideant,
980 1201 1043 1254 dum
1094 1200 1233 1254 aestimata
1260 1218 1302 1254 res
1328 1219 1406 1272 quam
1426 1200 1561 1264 debiturn,
1587 1199 1712 1271 repetitio
1737 1201 1864 1274 arrpcrtlui

278 1291 392 1346 dirersis
412 1287 588 1344 creditoribus
606 1287 698 1342 eadem
717 1287 882 1355 obligarunt,
901 1295 928 1339 et
948 1287 1041 1355 justia·
1095 1287 1149 1340 erit
1160 1304 1296 1349 concessor
1317 1289 1371 1340 Dn.
1390 1284 1522 1342 Rittersb.
1536 1283 1561 1338 d.
1577 1287 1595 1338 l.
1608 1304 1631 1340 c.
1646 1299 1670 1340 e.
1685 1303 1713 1338 ιι.
1729 1297 1752 1340 ι.
1765 1287 1862 1338 Μιιιιι.

279 1381 364 1430 simne
391 1375 435 1428 bic
461 1374 553 1441 subeat
581 1371 722 1428 evictionis
745 1380 831 1425 metue
856 1371 885 1422 in
903 1383 1042 1442 emptore,
1096 1374 1188 1446 Stepb.
1208 1373 1246 1426 ard
1265 1375 1332 1426 Nou.
1353 1383 1377 1424 4.
1396 1391 1424 1426 ιι.
1445 1384 1486 1424 et.

266 1451 325 1534 'qni
356 1461 478 1516 cautione
506 1481 522 1516 ι
551 1459 691 1512 venditore
709 1457 834 1528 praestita
853 1457 997 1521 mitonins,
1016 1467 1045 1510 ιιι
1130 1460 1188 1527 Ast,
1207 1459 1321 1530 inquies,
1334 1459 1384 1514 hnc
1403 1476 1464 1512 rasu
1482 1475 1534 1512 non
1554 1457 1618 1514 adro
1636 1469 1806 1530 prospectum
1819 1457 1861 1510 de·
1901 1465 1931 1508 te

272 1550 313 1602 ιιι
331 1564 362 1603 ιο
381 1544 486 1598 facilius
506 1553 609 1616 emptor
629 1542 792 1605 inveniatur;
812 1543 869 1596 lmo
888 1542 936 1594 illo
961 1559 1041 1607 caru,
1093 1544 1170 1600 bitori
1190 1556 1240 1610 est,
1262 1545 1416 1616 praesertim
1437 1545 1487 1610 illi,
1504 1545 1579 1614 cujus
1590 1545 1657 1600 bona
1670 1546 1765 1600 martia
1778 1545 1861 1598 incle-

277 1631 323 1687 nbi
343 1629 468 1686 creditori
488 1646 530 1684 ree
548 1629 640 1692 alatur,
660 1628 829 1693 carendum,
853 1627 895 1682 ati
917 1625 946 1680 in
974 1628 1042 1680 med.
1093 1631 1195 1684 mentia
1213 1629 1327 1700 direpta,
1348 1631 1486 1692 devastate,
1506 1630 1546 1684 vel
1563 1629 1615 1684 alia
1632 1629 1736 1682 ratione
1750 1629 1863 1683 deterio-

278 1718 348 1770 lt'on·
369 1727 393 1768 4.·
411 1735 434 1769 ι.
454 1729 478 1768 ι.
497 1714 604 1772 dicitnr·
615 1713 686 1784 Ergo
703 1712 753 1766 buc
771 1731 842 1778 casu,
862 1712 907 1764 nbi
921 1730 1042 1766 nont-re-
1093 1727 1163 1778 ratur
1182 1715 1265 1778 adeo,
1293 1723 1322 1768 ut
1345 1714 1475 1768 vilissima
1500 1713 1597 1766 exinde
1617 1714 1709 1768 talium
1729 1715 1858 1768 bonorum

278 1801 369 1868 ditor,
390 1798 522 1854 sedatius
542 1808 648 1868 emptor
666 1815 723 1851 rem
746 1797 857 1867 accipit,
868 1798 985 1867 emptori
1000 1815 1041 1850 ca·
1093 1799 1184 1855 existat
1202 1800 1362 1862 aestimatio,
1380 1817 1446 1870 qnae
1466 1802 1510 1854 vix
1530 1799 1723 1855 dimidietatem
1748 1802 1863 1870 attinget

278 1883 402 1942 veredum.
421 1883 507 1952 Cujac.
526 1880 566 1935 ad
581 1885 607 1936 Ιι.
627 1883 696 1936 Νοι.
714 1880 743 1933 in
758 1880 826 1933 med.
842 1879 968 1937 Rittereh.
980 1881 1041 1932 Ea·-
1093 1883 1175 1954 pretii
1194 1886 1267 1952 ejus,
1285 1901 1336 1954 qno
1355 1883 1423 1936 bona
1448 1894 1596 1954 comparata
1613 1895 1685 1938 antea
1705 1903 1719 1938 e
1737 1885 1858 1942 debitore

277 1984 338 2041 por.
357 1970 424 2022 Νοι.
442 1988 470 2040 p.
493 1979 516 2022 2.
535 1985 559 2022 e·
573 1979 597 2022 ³.
609 1987 637 2021 rr·
654 1979 692 2020 ιι.
708 1967 760 2018 Dn.
776 1965 887 2022 Richter
899 1967 936 2019 nd
954 1967 1039 2021 Auel.
1092 1975 1163 2018 eunt.
1183 1965 1213 2020 si
1232 1985 1293 2035 ergo
1312 1985 1362 2036 pro
1381 1967 1428 2020 tali
1448 1968 1579 2021 vilissimo
1593 1968 1679 2039 pretio
1697 1968 1726 2020 in
1745 1971 1859 2022 solutum

278 2055 341 2108 Ilnc
357 2052 415 2107 uiri
434 2056 464 2108 C.
482 2055 509 2110 d·
528 2053 608 2108 solut.
629 2071 656 2106 rr.
679 2061 720 2102 ι4.
740 2048 835 2104 Μιιιιι.
856 2051 950 2120 Stepb.
964 2050 1003 2106 od
1014 2052 1039 2104 b.
1092 2049 1153 2102 dare
1171 2049 1238 2104 bona
1257 2059 1400 2120 cogeretur,
1412 2063 1481 2106 certe
1500 2053 1646 2105 maximnm
1665 2068 1698 2105 ex
1717 2052 1766 2104 hoc
1784 2051 1862 2106 bene·

277 2142 347 2196 rvoo.
366 2158 394 2194 rr.
416 2151 457 2193 ee.
475 2138 560 2210 quadis
578 2147 665 2191 autem
684 2136 729 2188 illa
747 2135 832 2188 cantio
849 2151 906 2188 esse
925 2135 1041 2200 debeat,
1091 2129 1153 2185 ficio
1171 2134 1285 2188 sentiret
1303 2133 1512 2189 incommodum.
1530 2134 1632 2202 Fateor,
1650 2137 1692 2206 jus
1710 2137 1787 2191 civile
1806 2137 1855 2191 hoc
1899 2151 1928 2192 tt

283 2240 312 2278 ι.
333 2235 373 2276 tt.
392 2223 419 2276 Ιι.
433 2241 497 2293 cap.
515 2221 641 2276 dicemus.
1091 2233 1171 2286 passu
1189 2219 1290 2270 nultum
1308 2219 1460 2288 prodidisse
1478 2217 1633 2286 remedium,
1652 2219 1698 2273 sed
1715 2221 1858 2293 Magistra·

315 2309 443 2379 Emptore
458 2307 534 2362 „rullo
551 2317 677 2380 reperto,
697 2305 803 2360 demum
821 2321 863 2360 res
879 2303 964 2358 inrito
988 2320 1042 2359 cre·
1091 2310 1132 2352 lue
1150 2297 1271 2356 officium
1290 2304 1334 2356 hic
1352 2299 1511 2368 versabitur,
1530 2303 1577 2375 qui
1595 2306 1740 2376 aequitabit
1760 2309 1860 2362 talione

279 2392 362 2446 ditnri
382 2393 410 2444 iu
430 2391 545 2446 svdntum
565 2391 673 2456 danda,
701 2409 755 2444 nnn
775 2389 848 2442 enim
866 2390 939 2442 aliud
964 2391 1042 2460 quip·
1092 2401 1190 2450 morus,
1209 2383 1247 2440 ita
1264 2385 1395 2444 benorum
1417 2389 1446 2442 in
1465 2389 1579 2442 solutum
1601 2387 1745 2445 dandomm
1766 2391 1858 2445 mode-

279 2477 351 2550 piam
372 2477 460 2530 subest
478 2475 640 2538 remedium,
665 2494 718 2545 quo
735 2473 801 2526 satis
818 2470 877 2526 iteri
891 2473 974 2543 possit
987 2491 1043 2528 cre·
1093 2468 1198 2523 rabitur
1219 2473 1388 2539 taxationem,
1407 2491 1441 2527 ne
1459 2483 1606 2527 extremum
1620 2473 1683 2528 inde
1695 2473 1862 2529 debitoribus

279 2559 384 2627 ditori,
412 2577 508 2631 qaam,
539 2569 571 2612 ut
590 2561 631 2612 rel
648 2559 718 2612 bona
738 2556 868 2611 debitoris
886 2573 934 2628 pro
954 2556 1042 2612 debito
1092 2551 1190 2606 talibus
1209 2555 1264 2608 solo
1284 2554 1409 2611 iortnnee
1423 2558 1569 2630 martisque
1594 2557 1714 2612 ludibrio
1734 2559 1865 2632 depaupe-

278 2643 378 2715 oapiat,
409 2645 451 2698 vel
473 2643 619 2698 debitorem
638 2644 672 2696 ad
689 2640 835 2696 cessionem
852 2641 981 2694 bonorum
999 2659 1041 2700 eo·
1092 2637 1160 2690 ratis
1177 2638 1291 2693 exitium
1317 2642 1502 2708 contrabatur,
1525 2641 1566 2695 nti
1590 2643 1750 2713 aequissime
1773 2645 1865 2700 ιιιιιιίι

239 2723 240 2728 ’
279 2736 340 2798 gat,
356 2745 409 2798 qno
427 2746 488 2782 casu
506 2738 592 2782 tamen
612 2725 683 2780 idem
702 2723 885 2779 tantummodo
899 2741 1042 2796 conseque-
1093 2719 1166 2775 Reat-
1192 2725 1243 2776 Dn.
1271 2723 1362 2798 Carpe.
1381 2727 1412 2781 in
1432 2728 1510 2799 Aryl.
1535 2725 1594 2780 ded.
1613 2727 1640 2780 d.
1661 2745 1683 2782 c.
1705 2739 1730 2780 4.
1748 2747 1777 2782 ιι.
1801 2739 1860 2781 ιιι.

279 2824 373 2877 ιιιιι,
399 2811 497 2882 injuria
522 2829 583 2866 vero
600 2810 705 2864 debitor
721 2807 891 2864 afficeretur':
910 2807 995 2877 Quam
1013 2818 1045 2862 ut
1093 2805 1218 2862 Probabit
1234 2825 1296 2879 ergo
1314 2811 1421 2866 debitor
1433 2811 1610 2882 quantitatem
1624 2811 1769 2878 fructuum,
1782 2832 1862 2886 qnam
1902 2826 1932 2868 ta

280 2899 407 2963 evitaret,
436 2899 486 2953 boc
510 2898 589 2969 iegati
607 2893 737 2952 beneficio
756 2911 910 2950 succurrere
926 2893 1044 2949 debitori
1093 2907 1126 2943 ex
1144 2891 1192 2946 tali
1208 2895 1318 2962 praedic
1337 2895 1479 2968 percipere
1497 2907 1609 2968 poterat,
1627 2907 1690 2952 ante
1709 2896 1800 2952 iaceam
1815 2899 1861 2952 de·

279 2985 424 3058 imperator
441 2983 525 3038 mitit
538 3006 545 3048 ς
564 2981 604 3036 Ne
618 2991 706 3035 tamen
725 2989 752 3034 et
765 2979 893 3034 creditori
904 2981 991 3048 gravia
1003 2979 1042 3034 ri·
1093 2975 1487 3050 vastationern,quaeqnentitas
1496 2981 1655 3036 conterenda
1666 2997 1726 3036 cnm
1738 2982 1793 3034 illis
1804 2980 1864 3036 irn-

279 3067 387 3126 sicrctur
400 3107 407 3135 ,
421 3068 471 3122 bne
484 3065 581 3120 ordine
599 3066 668 3120 borae
687 3065 715 3118 iu
734 3065 849 3118 solutum
868 3060 926 3116 dari
938 3111 940 3116 .
951 3061 1042 3117 volate
1092 3058 1193 3124 ctibus,
1214 3062 1260 3131 qui
1278 3074 1396 3135 tempore
1418 3064 1558 3120 taxationis
1578 3065 1676 3122 exilio
1695 3063 1777 3122 inndo
1800 3083 1862 3138 per·

281 3152 324 3222 (r)
339 3154 373 3206 b't
388 3151 493 3205 debitor
505 3149 550 3207 det
561 3166 603 3204 rea
615 3150 769 3224 optimastet
779 3143 1042 3218 praestantissimam
1093 3141 1147 3213 cipi
1159 3155 1275 3214 possunt,
1289 3156 1316 3199 et
1333 3146 1525 3202 attendendum
1540 3141 1659 3224 insuper,
1672 3169 1761 3205 annon
1776 3151 1864 3222 aliquo

280 3257 334 3291 uon
359 3237 433 3290 enirn
464 3235 518 3306 ipsi
540 3233 667 3298 licitum,
692 3251 734 3287 ιιι
756 3232 870 3284 inutiles
900 3228 1042 3282 obtrudere
1092 3228 1220 3297 temporis
1240 3239 1336 3298 tractu,
1350 3231 1449 3288 iundna
1464 3234 1496 3287 ad
1508 3233 1639 3306 pristinos
1653 3235 1754 3290 iructns
1775 3234 1863 3289 iereo-

279 3321 409 3376 creditori
421 3359 431 3386 ,
449 3318 495 3389 qui
514 3319 579 3372 satie
597 3316 714 3386 alioquin
735 3323 876 3385 gravetur,
907 3311 971 3366 dnm
994 3327 1042 3384 pro
1093 3311 1141 3364 dos
1159 3313 1272 3369 idonens
1297 3316 1375 3369 reddi
1403 3317 1497 3388 possit,
1521 3319 1561 3371 Ol
1581 3319 1719 3374 nebmlicb
1737 3321 1787 3374 das
1811 3321 1867 3374 Gar

280 3423 343 3460 euro
361 3421 403 3458 res
417 3400 569 3456 immobiles
587 3401 689 3454 invitus
705 3409 839 3470 acceptare
860 3406 986 3463 tenetur,
1006 3397 1043 3450 le·
1094 3393 1145 3448 mit
1164 3397 1213 3451 der
1229 3399 1291 3454 Zeit
1315 3402 1344 3454 in
1367 3401 1486 3456 rolclreur
1502 3405 1609 3458 &ande
1627 3405 1720 3461 inune
1736 3406 1865 3476 retractu

281 3507 373 3544 remen
401 3505 462 3557 ergo
492 3485 598 3556 aliquod
630 3501 718 3538 rernm
743 3483 883 3540 meliorum
907 3481 1042 3536 oblatione
1091 3483 1204 3550 verden,
1218 3483 1282 3538 dors
1300 3486 1349 3540 der
1364 3487 1564 3544 Beritaereberr
1584 3489 1628 3545 die
1647 3492 1864 3560 Nutsurrgen,ro

281 3573 381 3626 sentire
400 3570 495 3635 debet,
513 3577 595 3639 prout
613 3569 741 3636 eleganter
755 3565 869 3618 declarat
882 3564 951 3635 lmp.
966 3565 992 3616 Ιι.
1007 3569 1040 3618 N.
1092 3584 1124 3621 er
1140 3589 1195 3623 vor
1210 3571 1271 3624 dem
1290 3573 1488 3644 Kriegesweren
1512 3577 1628 3647 gedabt,
1655 3573 1864 3644 lrinwiederge·

281 3676 304 3710 c.
325 3669 348 3709 a.
368 3655 422 3709 Dn.
440 3655 530 3719 Mene,
548 3654 662 3706 Patroc.
682 3647 799 3720 deponp.
814 3647 872 3702 deb.
891 3649 947 3701 dec.
962 3658 1042 3720 equ.
1094 3652 1202 3703 uiesrerr
1221 3655 1323 3705 lonae.
1342 3657 1455 3724 Quodsi
1471 3659 1565 3714 iteres
1579 3669 1629 3726 est,
1644 3677 1697 3713 non
1711 3661 1861 3714 secundnm
1906 3673 1934 3714 ιι

285 3753 325 3794 ιι.
354 3759 384 3793 ιι.
416 3749 475 3792 ιιι.
508 3735 599 3806 Carpe.
620 3735 698 3804 Acyl.
716 3731 797 3790 dedit.
815 3735 853 3786 tlt.
874 3745 917 3786 tn.
935 3751 963 3786 ι.
984 3743 1043 3785 ιιι.
1095 3733 1169 3800 illos,
1187 3752 1252 3805 quos
1277 3746 1340 3790 aute
1366 3737 1598 3794 deteriorationem
1616 3741 1658 3794 vel
1679 3753 1742 3813 post
1760 3744 1866 3799 restim-

282 3823 316 3876 Et
331 3837 489 3894 quamquam
508 3817 537 3873 ira
557 3821 626 3874 ch.
648 3829 706 3872 ιιι.
724 3836 747 3871 c.
769 3813 829 3888 ις.
845 3815 1040 3887 mirifica-lna·
1095 3820 1196 3872 tionem
1221 3819 1292 3876 serre
1316 3822 1432 3892 poterit,
1460 3825 1558 3878 taxatio
1581 3826 1758 3894 instituendae
1784 3831 1866 3882 modo

281 3915 384 3978 perator
406 3904 494 3966 nolit,
514 3899 584 3972 quod
608 3900 718 3956 ecelesia
738 3899 829 3954 debeat
848 3917 890 3953 ree
909 3909 1043 3970 praestan·
1094 3913 1185 3958 tamen
1208 3905 1343 3960 institutio
1361 3907 1390 3960 in
1410 3909 1555 3979 pristinum
1583 3921 1675 3966 statum
1701 3928 1753 3964 non
1778 3923 1866 3968 tantos

284 3989 401 4044 linitum
419 3987 449 4040 in
468 3987 582 4042 ”lulum
600 3983 683 4048 dm»
704 3981 749 4037 ”tl
768 3985 863 4054 wilm
887 3981 1042 4054 frugifera.
1094 3997 1217 4060 sumptus
1236 3990 1362 4060 requirat,
1380 3993 1427 4062 qui
1445 4011 1571 4065 praesens
1589 3995 1627 4050 rei
1647 3997 1764 4066 pretinm
1785 4014 1864 4052 exce-

281 4075 377 4147 partim
394 4073 502 4128 steriles
514 4071 711 4144 possessionen
725 4068 753 4122 id
767 4087 819 4124 non
835 4069 1042 4134 universaleert,
1094 4075 1195 4140 derent,
1214 4073 1259 4126 ubi
1277 4074 1359 4130 etiam
1377 4077 1436 4147 ipsa
1456 4077 1555 4131 taxatio
1576 4078 1745 4144 moderanda,
1765 4091 1793 4134 et
1808 4099 1866 4136 me-

282 4159 329 4214 red
346 4169 374 4212 ut
390 4156 504 4230 speciale
521 4153 662 4226 quippiam
680 4153 804 4208 ecclesiae
821 4171 985 4218 concessum,
998 4154 1043 4208 cui
1094 4158 1167 4212 dium
1188 4159 1255 4213 inter
1274 4159 1338 4214 haec
1357 4159 1409 4212 duo
1426 4170 1546 4216 extrema
1571 4163 1775 4229 inveniendum,
1794 4171 1866 4236 quod

279 4242 419 4316 privilegia
435 4241 511 4312 plura
529 4241 597 4310 imp.
616 4239 763 4303 concessit,
782 4246 810 4291 et
823 4240 949 4308 majorem
960 4239 1038 4295 ratio·
1093 4243 1247 4313 comprobet
1264 4248 1370 4300 necess.
1384 4249 1452 4316 Imp.
1468 4247 1501 4302 de
1520 4250 1609 4300 Anno
1632 4257 1708 4302 test.
1720 4245 1743 4320 5.
1756 4253 1792 4304 So
1810 4251 1870 4305 viel

280 4345 343 4384 nem
365 4326 457 4382 babuit
473 4323 598 4378 ecclesiae
616 4321 768 4386 debitricie,
786 4341 864 4392 quam
882 4323 978 4392 privati
996 4323 1039 4378 dc·
1093 4347 1151 4384 narr
1170 4327 1214 4382 die
1231 4328 1388 4399 Capitalia:
1401 4329 1527 4386 abilenes
1540 4331 1644 4385 verba:
1658 4329 1737 4402 Argff
1747 4334 1866 4387 ‹ierosel-

279 4412 397 4473 bitorisr
415 4409 447 4463 de
458 4425 512 4480 quc
530 4411 564 4462 V.
585 4408 653 4461 Petr.
670 4404 801 4458 Gndelin.
821 4407 855 4459 de
867 4405 923 4476 jar.
942 4406 1041 4460 κονίει.
1093 4413 1143 4467 bert
1162 4413 1384 4486 vordergeltertde
1401 4415 1533 4470 wiseberr
1545 4416 1600 4469 den
1612 4416 1729 4486 vorigen
1750 4421 1809 4470 aud
1823 4441 1867 4489 ge·

280 4500 299 4552 l.
332 4511 355 4552 ι.
379 4515 403 4551 c.
423 4505 465 4548 44.
489 4495 564 4548 Verr-
582 4495 641 4546 Sec·
658 4490 775 4547 da'rtincl·
795 4492 915 4548 Sicbard.
936 4494 1041 4546 Comm.
1091 4497 1290 4571 genuaertigeu
1310 4499 1403 4554 Zeiten
1423 4498 1493 4568 ruff
1503 4501 1555 4554 dns
1572 4501 1664 4554 meret
1673 4502 1793 4570 gesteilte
1814 4505 1866 4556 bit-

280 4579 350 4636 cod.
368 4577 408 4634 cd
423 4577 449 4632 d·
471 4578 555 4632 Aurtr.
573 4579 636 4632 Hoc
654 4575 710 4628 uiri
727 4593 755 4628 ιι.
780 4587 819 4631 ιι.
851 4576 926 4630 ΤιΙίι
953 4588 1041 4632 antem
1091 4583 1145 4654 lige
1161 4585 1337 4654 Sclaotsunge.
1349 4581 1428 4656 Quod
1446 4585 1538 4656 praxis
1556 4585 1586 4638 in
1604 4586 1812 4657 quamplurimis
1825 4590 1866 4640 tn-

280 4681 345 4734 (με
362 4677 395 4716 0¹
412 4661 522 4734 'wiell
540 4661 642 4714 ³¹5⁰!st
658 4660 739 4714 ¹¹5&li
757 4661 901 4724 ῡῠῠθθῦῦῑῐι
916 4678 969 4715 non
983 4673 1044 4718 sunt
1094 4667 1135 4722 cia
1152 4669 1202 4723 bac
1220 4669 1324 4723 ratione
1344 4670 1373 4720 in
1391 4671 1579 4724 aestimatione
1596 4670 1734 4742 sequitur,
1753 4682 1783 4726 ut
1802 4691 1862 4744 pre·

278 4745 446 4819 producenda
470 4747 505 4798 ad
533 4744 749 4815 consequentiam
768 4747 799 4800 l.
821 4745 901 4814 Quod
917 4763 979 4800 vero
1001 4757 1041 4801 tt·
1090 4753 1157 4807 tium
1175 4751 1288 4824 praedii,
1306 4757 1384 4824 quale
1393 4762 1457 4808 ante
1468 4753 1702 4810 deteriorationem
1717 4756 1779 4822 init,
1793 4760 1865 4829 aspi-

271 4831 314 4904 ff.
332 4831 365 4886 de
376 4833 433 4886 ll.
451 4832 470 4884 t.
494 4841 551 4884 ιιι.
560 4829 602 4902 ff
619 4829 653 4884 de
670 4832 704 4885 rt.
723 4833 746 4884 1.
764 4831 892 4886 Rittersb.
912 4833 949 4885 nd
965 4833 1001 4886 Ν.
1012 4851 1040 4903 p.
1093 4837 1157 4904 ciat,
1175 4845 1202 4890 et
1218 4839 1290 4907 juxta
1308 4839 1375 4892 illud
1393 4839 1502 4910 praedia
1520 4838 1655 4895 demetata
1672 4843 1810 4904 aestimetr
1825 4845 1866 4898 Ne

280 4930 305 4970 ι.
328 4933 351 4969 ι.
371 4927 396 4968 ι.
414 4933 442 4969 ιι.
462 4929 487 4972 ι.
505 4912 619 4986 blegnii.
643 4915 698 4968 nm
725 4913 815 4970 bicbt·
839 4915 885 4970 nd·
910 4915 936 4969 d.
955 4919 1041 4972 Aatlr.
1094 4931 1182 4976 tamen
1199 4922 1316 4976 creditor
1333 4921 1377 4978 tali
1396 4915 1578 4980 aestimatione
1592 4935 1702 4998 propter
1717 4927 1865 4982 deteriora-

278 5019 307 5054 ιι.
324 5011 364 5054 te.
1093 5007 1195 5060 tionem
1213 5017 1240 5061 et
1258 5015 1357 5060 statam
1377 5017 1540 5078 praesentem
1554 5009 1661 5080 praedii
1676 5009 1801 5064 damnum
1816 5033 1865 5083 pa-

210 5095 241 5138 te
313 5085 377 5156 (li).
394 5083 425 5136 ld
442 5101 545 5156 quoqne
562 5083 591 5138 in
611 5083 661 5138 bec
679 5081 784 5140 datione
797 5085 825 5138 in
839 5085 952 5140 solutum
963 5105 1042 5158 quem
1092 5091 1183 5158 tiatur,
1201 5100 1302 5146 tantam
1321 5108 1452 5146 arnnmam
1465 5089 1584 5146 creditae
1601 5096 1731 5165 pecuniae
1749 5095 1864 5164 addunt,

279 5170 395 5224 maxime
403 5169 559 5240 requiritur,
577 5179 606 5223 nt
621 5183 663 5222 rea
680 5165 710 5220 in
729 5171 843 5224 solutum
862 5171 947 5226 danda
966 5193 979 5225 ι
998 5176 1041 5243 jn·
1091 5185 1188 5246 quanta
1207 5174 1295 5228 iorsan
1309 5175 1342 5228 ad
1356 5175 1460 5247 praedii
1477 5179 1656 5234 reductionem
1671 5179 1700 5232 in
1712 5181 1860 5250 pristinum

278 5253 338 5311 diae
366 5255 537 5310 aestimetur.
560 5255 627 5308 ttarn
650 5255 755 5325 deputa
780 5251 934 5328 dearipnota
959 5257 989 5312 ira
1014 5259 1041 5310 b.
1092 5271 1188 5316 statum
1200 5259 1355 5324 accusaria,
1366 5259 1415 5315 der
1425 5263 1569 5333 Ansclring
1579 5263 1647 5316 wird
1654 5267 1780 5333 gemnclrl
1790 5269 1864 5319 nocta
1914 5287 1931 5302 κ

278 5339 346 5402 Nor.
366 5339 479 5409 requirit
490 5341 646 5411 imperator,
664 5341 692 5394 id
710 5351 750 5396 est
767 5351 910 5393 menatem
923 5353 948 5396 et
959 5343 1041 5400 subti-
1093 5346 1153 5399 dem
1166 5345 1271 5400 meliten
1292 5345 1382 5399 Wertlr
1392 5347 1440 5398 der
1459 5348 1551 5412 Grates,
1563 5349 1606 5400 ata
1618 5347 1652 5401 cl
1663 5349 1769 5402 roicbes
1788 5353 1859 5402 nocta

278 5423 331 5476 tem
349 5421 584 5490 aestimationem,
602 5443 654 5496 quo
672 5426 731 5498 ipso
751 5421 898 5492 indigitat,
922 5425 1038 5493 jndicem
1092 5429 1120 5486 in
1146 5431 1234 5486 vollen
1252 5447 1310 5484 esse
1329 5449 1424 5499 waere,
1445 5429 1504 5484 arrd
1520 5430 1587 5488 utre
1605 5429 1734 5505 nergegerr
1754 5450 1786 5487 ro
1806 5435 1862 5488 ciel

382 5508 488 5582 dirykt'r'
509 5511 570 5565 Vol·
592 5513 614 5564 I.
1722 5529 1754 5572 ιι
