4478 6350
453 543 503 614 3²¹.)

384 640 447 692 (lam
467 634 582 708 pretium
602 635 709 688 aedium
726 635 808 688 etiam
828 636 952 692 incendio
969 639 1067 692 casuali
1084 657 1146 691 con·

389 732 562 792 sumpturum.

332 819 346 858 ι
422 805 472 860 Sed
492 820 587 855 canoa
608 801 647 854 ita
665 801 777 872 reliquis
795 803 907 867 vicinis,
931 821 1045 874 quorum
1069 804 1148 856 aedas

383 891 467 944 sinan!
484 886 610 941 incendio
626 885 745 954 periere,
773 889 810 940 ad
831 889 929 942 durani
950 888 1147 940 restitutionem

385 978 476 1029 arsulae
485 972 560 1044 fidei
574 985 717 1040 possessor
734 981 774 1024 est
787 972 944 1043 obligatas?
958 972 985 1024 ld
998 973 1101 1026 ridetur
1112 971 1149 1022 di·

385 1061 497 1114 centlum
507 1101 514 1122 ,
526 1057 561 1109 ob
574 1056 699 1108 rationem
714 1057 767 1122 jam
779 1059 829 1123 jam
844 1056 995 1120 adductam,
1008 1055 1147 1124 qniasem·

384 1162 433 1216 per
452 1143 481 1194 in
498 1142 576 1210 culpa
596 1140 693 1192 versari
707 1140 879 1207 intelligitnr3
895 1150 921 1192 ιιι
933 1140 995 1192 binc
1006 1137 1078 1208 quod
1090 1155 1150 1191 casu

384 1229 409 1280 ei
428 1225 532 1278 obrenit
551 1221 719 1288 incendium,
739 1223 817 1276 etiam
835 1224 973 1292 cnlposnm
1000 1223 1034 1276 sit
1056 1223 1149 1290 appel·

389 1309 512 1374 landum,
533 1307 585 1360 Sed
604 1307 699 1358 rectius
719 1307 767 1358 hoc
785 1317 907 1374 negatur,
928 1323 980 1358 nou
1006 1307 1076 1358 enirn
1097 1307 1150 1358 cul·

386 1415 448 1468 pana
468 1396 496 1446 iu
511 1410 605 1463 genere
618 1391 759 1445 consmittit
772 1392 852 1444 malae
866 1389 927 1443 fidei
943 1408 1091 1461 possessor;
1106 1391 1151 1440 sed

386 1494 487 1537 tantum
507 1482 535 1531 in
555 1479 643 1548 specie
667 1495 725 1546 erga
751 1488 845 1529 certam
871 1493 1023 1546 personam,
1050 1474 1152 1526 scilicet

390 1587 478 1621 sertam
498 1564 662 1626 Dominum,
684 1561 754 1632 quod
773 1561 849 1612 aedes
868 1561 953 1630 ipsius
972 1558 1153 1612 fraudolenter

387 1657 517 1718 detineat,
536 1651 581 1703 sed
601 1651 664 1701 haec
683 1650 756 1718 espa
774 1649 807 1699 ad
828 1647 936 1700 tertium
952 1665 1002 1698 nota
1014 1657 1152 1699 estexteu-

386 1743 489 1808 denda,
509 1735 555 1792 sed
574 1739 676 1791 ratione
690 1737 745 1788 seri
761 1735 870 1787 Domini
885 1733 1022 1788 ridebatur
1033 1751 1091 1786 esse
1101 1733 1152 1785 cul·
1181 1741 1182 1744 ’

388 1847 488 1902 ΡΟςιΙΠΙ.
900 1865 901 1870 =

426 1915 500 1966 Idem
519 1906 659 1962 dicendum
679 1907 865 1960 existimamus
885 1907 917 1959 de
935 1925 978 1970 eo,
996 1908 1042 1977 qui
1066 1907 1151 1959 estin

390 2018 462 2053 mora
482 1991 652 2053 restituendi,
672 2003 758 2062 utpote
778 1992 800 2043 si
820 1991 943 2043 venditor
963 1991 990 2042 in
1018 1991 1152 2042 {radendis

388 2083 496 2138 realibus
515 2095 614 2132 moram
634 2075 797 2140 committat,
816 2085 843 2127 et
861 2075 910 2126 hae
923 2075 1090 2143 postmodam
1109 2075 1152 2124 in·

387 2167 483 2222 cendio
500 2169 580 2217 etiarn
591 2162 686 2214 casuali
701 2169 924 2222 consummantur,
939 2160 1084 2227 periculum
1098 2175 1150 2208 nnn

391 2255 424 2305 ad
443 2258 608 2318 emptorem,
627 2243 672 2297 sed
692 2243 876 2304 venditorem,
890 2243 924 2294 ob
938 2243 1041 2311 culpam
1057 2243 1083 2292 in
1098 2259 1151 2292 raon

392 2331 519 2388 tradendo
538 2327 696 2388 admissam,
717 2323 860 2394 pertinebit
887 2325 906 2374 ι’.
926 2335 952 2374 ι.
968 2327 995 2377 C.
1014 2326 1048 2375 de
1061 2323 1151 2376 Perr‘r.

391 2431 419 2472 et
434 2415 567 2471 commod.
587 2411 628 2465 rei
645 2409 747 2465 vendit.
766 2409 846 2463 lllotlo
865 2419 969 2478 emptor
987 2409 1036 2461 boc
1052 2426 1113 2460 casu
1137 2429 1151 2461 a

390 2521 435 2556 sua
454 2509 526 2570 parte
544 2505 705 2548 corita-actam
724 2492 872 2558 impleverit
890 2507 936 2560 per
953 2491 1031 2560 pretii
1044 2490 1153 2544 solutio-

388 2604 466 2648 uem,
488 2601 521 2634 ue
538 2580 623 2633 obstet
641 2577 668 2629 ei
685 2573 805 2642 exceptio
826 2573 989 2642 implementi
1005 2593 1057 2626 nora
1073 2577 1153 2627 secuti

389 2693 404 2725 a
424 2688 469 2722 sua
488 2677 558 2738 parte
577 2681 607 2714 ex
628 2661 646 2710 f·
665 2657 787 2711 Julianus
809 2671 849 2710 ts.
869 2666 891 2719 ς.
909 2658 1006 2727 offeni
1019 2661 1088 2712 &de
1100 2671 1151 2712 aet.

390 2753 473 2822 empti
489 2744 602 2816 Magnif.
623 2743 676 2793 Du.
695 2741 874 2793 Bruuneman.
888 2743 995 2797 Conna.
1009 2746 1041 2798 C.
1056 2745 1082 2795 d.
1096 2745 1115 2796 l.
1128 2753 1151 2792 t.

389 2839 435 2892 Sic
454 2851 515 2902 ergo
534 2848 608 2882 rasura
628 2827 749 2898 periculo
764 2844 793 2876 ue
812 2825 883 2878 castri
899 2825 1043 2878 obnoxium
1062 2826 1152 2879 reddit

388 2933 530 2973 morosum,
550 2915 569 2963 f.
593 2909 684 2980 ²³·ff·
701 2909 734 2961 de
759 2910 790 2959 V·
813 2909 844 2960 0.
864 2909 883 2958 l.
907 2907 1090 2978 t2.§.fitt.ffi
1103 2912 1151 2964 de-

385 3003 476 3073 positi·
490 3000 615 3070 Carpaov.
634 2999 669 3049 P.
683 3005 707 3046 2.
722 2995 841 3048 Constat.
862 3007 904 3044 so.
922 2994 1004 3065 defin.
1021 3004 1062 3044 tt.
1075 3015 1103 3046 ιι.
1125 3007 1149 3046 ι.

385 3089 440 3141 nisi
461 3097 548 3138 tamen
568 3083 638 3134 idem
664 3096 738 3132 casus
764 3078 937 3146 contigisset,
960 3079 1080 3147 quamvis
1105 3097 1149 3132 res

389 3173 482 3227 statim
502 3168 626 3222 restituta
646 3165 756 3231 fuisset,
775 3163 792 3214 l.
809 3171 847 3214 tt.
849 3158 891 3230 ff
902 3162 1018 3232 depositi
1027 3180 1150 3233 quoeasn

384 3258 415 3311 ad
435 3252 631 3308 restitutionem
650 3248 781 3318 obligatus
795 3266 847 3300 noar
862 3257 932 3300 esset
945 3258 1065 3300 moratos.
1083 3248 1147 3300 Adai.

386 3340 488 3392 Sebast.
506 3335 634 3387 llletlices.
653 3333 686 3386 de
705 3328 909 3398 curib-fistuli.
924 3334 1004 3384 Part.
1020 3341 1040 3380 ι.
1059 3333 1090 3398 Q.
1108 3343 1137 3385 ts

383 3441 412 3474 ιι.
434 3431 476 3471 ιι.
492 3418 573 3471 lllodo
593 3435 645 3470 non
664 3426 769 3486 emptor
793 3415 843 3467 alii
866 3431 954 3466 emere
975 3424 1066 3484 parato
1090 3417 1148 3467 illas

382 3507 458 3560 aceles
477 3504 566 3557 statim
585 3501 742 3556 venditurus
756 3501 865 3563 fuisset,
881 3500 905 3552 si
917 3517 988 3552 mora
1003 3517 1055 3550 aon
1067 3500 1148 3552 inter—

383 3590 508 3643 cessisset
527 3587 544 3637 l.
567 3596 606 3638 rt.
626 3583 650 3655 5.
673 3597 712 3636 ιι.
728 3581 864 3654 infimffi
878 3583 1145 3654 quodmeiuscuusr.

422 3677 493 3725 llaec
512 3671 636 3741 expedita
654 3680 732 3732 sunt,
752 3671 775 3720 si
794 3667 950 3722 incendium
968 3669 1004 3720 sit
1017 3686 1086 3722 merc
1105 3687 1145 3722 ca-

384 3761 471 3822 suale,
490 3757 536 3810 sed
551 3754 651 3824 siquid
670 3754 761 3824 eulpae
780 3752 869 3805 eidem
881 3750 963 3804 fuerit
981 3751 1145 3807 admixtum?

382 3842 535 3896 intricatior
552 3841 672 3908 quaestio
691 3848 740 3890 est.
761 3839 878 3890 l’aerram
891 3837 1062 3908 infligendam
1073 3841 1143 3909 quod

382 3930 491 3990 attinet,
510 3925 601 3994 culpae
619 3922 759 3976 diversitas
785 3921 953 3974 attendenda.
978 3924 1011 3974 Et
1032 3925 1140 3993 quidem

380 4013 464 4083 qaroad
483 4013 562 4062 latam
580 4008 685 4079 culpam
697 4026 762 4078 quae
777 4025 858 4078 poena
872 4008 1009 4071 dictanda,
1024 4011 1145 4079 exposui·

381 4115 439 4150 mus
458 4112 534 4166 supra
555 4092 643 4146 Posit-
660 4104 683 4142 ι.
698 4093 728 4144 ln
742 4093 793 4144 lesi
807 4103 831 4146 et
843 4091 974 4145 leuissima
987 4093 1061 4162 culpa
1074 4093 1142 4146 eirca

380 4179 534 4234 incendium
550 4176 718 4241 ¹commissa,
747 4175 864 4230 ridemus
890 4175 1009 4244 quotidie
1034 4195 1142 4246 poenam

380 4267 501 4336 exiguam
521 4265 575 4316 imo
596 4263 651 4316 fere
669 4264 769 4314 nullam
781 4262 892 4332 irrogari
906 4271 984 4333 prout
996 4255 1075 4314 dicta.
1088 4266 1144 4316 Po-

378 4351 423 4406 ste.
444 4360 467 4400 ι.
486 4365 518 4400 ex
539 4357 616 4418 parte
628 4355 763 4410 notatum,
783 4346 828 4398 sed
843 4345 924 4407 male,
938 4362 997 4397 cum
1013 4345 1035 4394 si
1049 4345 1142 4410 ullibi,

379 4444 450 4488 certe
473 4433 517 4484 bic
537 4430 571 4484 ad
596 4431 794 4483 exactissimam
818 4428 984 4497 diligentiam
1007 4417 1142 4482 ercitandi

377 4521 466 4574 forent
485 4517 571 4582 eires,
590 4527 620 4568 nt
637 4516 675 4568 ita
694 4515 840 4568 formidine
849 4533 949 4587 poenae
960 4513 1060 4566 cautius
1074 4514 1142 4568 circa

379 4609 468 4674 ignem
487 4602 587 4659 sersari
605 4601 724 4664 discant,
745 4611 839 4671 utpote
854 4618 914 4652 cum
927 4598 996 4651 nulls
1009 4615 1038 4649 re
1050 4599 1143 4650 rutinae

376 4689 484 4743 urbium
502 4686 580 4740 citius
599 4687 735 4756 procurari
748 4685 869 4754 possint,
884 4701 962 4753 quam
976 4683 1139 4752 negligenter

376 4775 467 4843 iguem
479 4769 610 4832 curandam
625 4771 667 4820 cui
682 4780 711 4821 ut
723 4789 754 4822 eo
766 4771 848 4838 magis
862 4779 935 4823 eatur
948 4770 1067 4832 ebriam,
1081 4787 1142 4822 con-

379 4860 493 4919 sultum,
520 4863 548 4904 ιιι
570 4852 774 4922 patresfamilias
798 4853 1003 4924 compellantur,
1031 4853 1143 4922 abigailis

379 4942 431 4994 diel
444 4957 473 4992 ns
483 4950 601 5008 tempore
612 4937 761 5008 respertino
769 4936 909 4992 admouere
923 4937 1050 4990 familiam
1058 4955 1140 5002 serani,

381 5028 413 5078 de
434 5027 494 5093 igne
513 5021 656 5091 diligenter
674 5021 856 5086 custodiendo,
875 5023 944 5091 qnod
964 5035 1047 5094 postca
1067 5023 1099 5074 ad
1114 5023 1142 5075 id

379 5107 514 5181 proderit,
533 5125 585 5158 non
609 5117 725 5168 tantuna,
746 5117 772 5157 nt
786 5105 975 5178 incendiaipsa
986 5108 1072 5162 rarius
1086 5109 1141 5163 siut

379 5191 534 5257 metuenda,
555 5191 601 5244 scd
620 5203 657 5254 et,
677 5190 783 5260 siquod
803 5191 945 5260 contigerit
951 5231 960 5256 ‚
980 5203 1010 5246 nt
1029 5211 1062 5246 co
1079 5192 1142 5246 faci·

378 5275 440 5328 liori
461 5275 565 5344 negotio
582 5275 672 5345 culpae
685 5276 927 5346 praesumptionem
939 5285 1028 5329 contra
1043 5294 1070 5328 se
1091 5277 1142 5328 mi·

378 5361 501 5411 litantem
514 5359 720 5424 Paterfamilias,
734 5361 871 5430 probamrlo
885 5359 1052 5429 diligentiam
1066 5379 1140 5414 suam

379 5443 576 5524 quotidianam,
596 5447 694 5502 elidere
712 5447 804 5519 possit.
821 5444 890 5501 lliuc
911 5455 936 5498 et
955 5442 1083 5498 laudanda
1097 5445 1141 5500 Ci-

908 543 1097 598 Dtst’t't'tr.
1117 545 1178 602 Vll.
1199 545 1340 600 Postrto
1363 549 1422 600 t'tt.

1840 552 1893 604 330

1198 643 1308 695 vitatum
1325 645 1496 712 quarumdam
1513 647 1613 700 sartan
1627 658 1703 710 sunt,
1717 648 1812 718 quibus
1824 660 1895 703 certa
1907 667 1968 722 pue·

1203 743 1236 778 na
1252 727 1371 780 dictatur
1384 727 1573 796 patrifamilias
1587 732 1633 783 nbi
1651 733 1802 784 incendium
1817 733 1968 798 subortum,

1199 819 1226 860 et
1244 810 1355 878 quidem
1371 830 1421 881 pro
1435 814 1553 881 quolibet
1565 833 1706 888 campanae
1719 817 1809 887 pulsu,
1821 817 1884 870 licet
1898 817 1968 886 ignis

1200 893 1330 946 darianum
1357 913 1408 948 nou
1430 896 1540 950 dederit.

1237 979 1323 1030 Multo
1340 980 1426 1048 magis
1439 983 1685 1050 ergoillipaniendi
1701 983 1795 1049 forent,
1810 989 1855 1054 qui
1865 989 1967 1058 culpam
2006 995 2026 1049 T:

1203 1064 1263 1116 licet
1284 1065 1366 1116 le·.em
1390 1073 1492 1117 tantam
1503 1103 1510 1128 ,
1522 1068 1583 1120 ¹imo
1603 1069 1737 1121 interdum
1751 1081 1777 1123 et
1790 1074 1967 1134 latissimam,

1202 1149 1227 1202 si
1245 1149 1288 1201 illa
1309 1150 1335 1202 in
1356 1151 1549 1204 mmmittendo
1568 1152 1649 1206 fuerit
1668 1155 1736 1206 circa
1753 1155 1876 1208 incendia
1891 1175 1963 1210 oom-

1204 1233 1324 1296 mittunt,
1343 1245 1370 1285 et
1389 1235 1421 1287 ad
1442 1235 1602 1299 minimum,
1622 1239 1645 1288 si
1665 1257 1715 1289 nam
1735 1239 1876 1309 relegatio,
1895 1253 1968 1294 certe

1203 1317 1315 1370 mutatio
1335 1319 1467 1372 domicilii
1489 1321 1649 1390 imponenda
1669 1321 1751 1388 foret,
1771 1341 1829 1378 eum
1849 1335 1874 1378 et
1894 1327 1970 1378 illam

1205 1405 1382 1454 mutationem
1405 1405 1507 1474 imponi
1528 1405 1595 1457 baud
1617 1424 1676 1459 raro
1692 1409 1825 1462 rideamus
1847 1409 1914 1473 illis,
1940 1413 1968 1463 in

1202 1504 1313 1554 quorum
1337 1480 1445 1538 aedibus
1466 1491 1572 1558 saepius
1591 1490 1742 1543 incendium
1762 1493 1820 1546 siue
1832 1505 1919 1547 umen
1933 1494 1970 1547 ef·

1206 1570 1289 1635 fectu,
1309 1587 1338 1622 ac
1357 1571 1416 1622 sine
1434 1573 1487 1623 ulla
1502 1573 1709 1626 inhabitantium
1722 1579 1811 1648 culpa,
1824 1578 1968 1634 subortum.

1204 1655 1309 1706 Confer.
1328 1654 1440 1722 lilagnif.
1460 1657 1515 1708 Du.
1527 1656 1706 1711 Brunrreman.
1720 1663 1836 1730 Repetit.
1849 1663 1969 1718 Purutit.

1206 1737 1365 1791 Wesenbec.
1384 1737 1424 1788 tit.
1442 1737 1475 1789 ele
1493 1739 1599 1792 iacenti.
1620 1741 1692 1794 main.
1707 1741 1838 1814 auefiag.
1857 1747 1966 1812 Quaen.

1206 1831 1229 1869 ι.
1250 1822 1280 1874 iu
1288 1819 1347 1890 fin.
1366 1820 1442 1872 iliae
1457 1821 1535 1875 mium
1554 1823 1603 1875 boc
1617 1843 1677 1875 casu
1691 1825 1827 1878 distinctio
1840 1829 1967 1897 quaedam

1202 1905 1354 1958 adhibenda
1372 1905 1443 1962 inter
1456 1906 1608 1960 incendium
1623 1909 1734 1961 casuale
1746 1921 1773 1962 et
1782 1911 1970 1980 ianprooisrrm.

1204 1987 1285 2040 Casus
1304 1987 1426 2040 fortuitam
1445 1989 1554 2058 quidem
1572 2007 1624 2043 non
1651 1991 1777 2060 prmitur,
1800 1992 1868 2046 licet
1893 2011 1967 2046 casus

1203 2071 1362 2142 irnprotisus
1386 2075 1513 2144 puniatur
1532 2092 1578 2144 per
1602 2074 1709 2127 modum
1732 2079 1839 2146 culpae,
1867 2077 1969 2132 Sebast.

1202 2155 1300 2207 lllealic.
1321 2155 1353 2208 de
1371 2155 1586 2222 maflaraa'ct.
1611 2171 1631 2208 t.
1655 2162 1685 2226 Q.
1711 2171 1749 2209 ιι.
1769 2179 1796 2212 ιι.
1821 2172 1860 2212 ιι.

1240 2241 1315 2292 nasac
1330 2241 1363 2292 de
1383 2259 1477 2310 poena.
1497 2241 1531 2291 oh
1550 2242 1702 2292 incendium
1722 2245 1832 2297 caereale
1853 2243 1968 2296 mixtum

1202 2325 1336 2377 dictanda.
1354 2329 1414 2379 latu
1434 2325 1576 2378 uidendum
1591 2327 1642 2378 erit
1653 2325 1685 2378 de
1695 2328 1864 2380 restitutione
1877 2327 1967 2379 danrni
2008 2329 2009 2332 ’

1204 2427 1251 2479 per
1271 2408 1425 2459 incendium
1444 2409 1571 2476 ejusmodi
1594 2409 1696 2461 casuale
1715 2411 1827 2462 mixtum
1848 2411 1917 2468 dati:
1931 2421 1969 2474 et,

1205 2495 1229 2545 si
1246 2492 1352 2562 quaidem
1372 2493 1465 2554 aedes,
1485 2494 1513 2544 in
1529 2493 1626 2562 quilius
1640 2495 1793 2546 incendium
1804 2508 1903 2562 ortum,
1917 2513 1971 2547 uam

1203 2578 1258 2628 siut
1277 2575 1464 2629 inhabitatoris
1484 2577 1620 2647 propriae:
1636 2577 1792 2642 uidendum,
1807 2579 1856 2648 qui
1866 2590 1970 2632 contra-

1201 2668 1258 2710 etus
1276 2658 1350 2710 inter
1367 2659 1438 2710 launo
1456 2669 1483 2710 et
1504 2675 1594 2712 acrum
1615 2659 1753 2711 dominum
1771 2663 1873 2712 aedium
1888 2661 1973 2713 inter·

1203 2743 1294 2806 cedat,
1314 2752 1403 2813 postea
1418 2742 1625 2807 attendendum,
1639 2761 1706 2813 quac
1718 2745 1793 2812 culpa
1805 2744 1833 2796 ia
1847 2747 1894 2796 illo
1908 2763 1970 2798 con·

1201 2839 1284 2882 tractu
1302 2825 1474 2897 praestanda,
1493 2836 1523 2880 ut
1542 2836 1630 2879 tameo
1650 2830 1755 2898 culpam
1782 2829 1807 2880 si·
1830 2829 1971 2882 admiserit

1204 2911 1363 2964 inhabitator
1379 2911 1448 2962 circa
1468 2909 1640 2973 incendium,
1658 2912 1763 2963 actione
1781 2929 1815 2964 er
1840 2913 1888 2964 illo
1905 2929 1967 2964 eorr-

1201 3007 1286 3051 tractn
1303 2996 1465 3059 resultante,
1483 2995 1517 3046 ad
1536 2995 1631 3048 damni·
1642 2997 1838 3049 restitutionem
1854 2999 1887 3051 sit
1898 2998 1967 3051 obli-

1199 3093 1280 3152 gatus.
1298 3081 1372 3133 [linc
1389 3081 1547 3144 conductor,
1566 3080 1590 3132 si
1604 3081 1635 3132 iri
1644 3096 1676 3132 re
1686 3081 1814 3134 conducta
1829 3084 1903 3152 culpa
1916 3085 1967 3136 levi

1201 3166 1353 3218 incendium
1375 3163 1456 3216 fuerit
1474 3165 1627 3224 subortum,
1647 3165 1755 3218 locatori
1774 3167 1877 3218 actione
1894 3167 1969 3220 locati

1203 3261 1305 3304 tenetur
1322 3250 1356 3303 ad
1374 3248 1465 3301 damni
1485 3249 1692 3302 restitutionem.
1720 3250 1805 3301 Vinc-
1826 3249 1916 3302 Carae.
1935 3259 1969 3300 tr.

1199 3339 1232 3390 de
1250 3337 1358 3398 locato,
1378 3345 1406 3386 et
1423 3335 1552 3388 conduct.
1573 3337 1609 3386 P.
1631 3343 1654 3384 ι.
1674 3331 1968 3387 citramontana.

1200 3439 1228 3472 ιι.
1249 3432 1275 3472 s.
1292 3417 1565 3471 Cranmodatariorum
1583 3433 1644 3469 vero
1663 3417 1755 3485 culpa,
1776 3417 1799 3468 si
1814 3417 1969 3469 incendium

1198 3505 1280 3558 facerit
1296 3505 1387 3556 datam
1405 3505 1486 3556 etiarn
1497 3501 1531 3554 ob
1545 3501 1707 3554 levissimam
1725 3503 1845 3572 melpum,
1860 3503 1966 3554 actione

1199 3589 1356 3645 commodati
1365 3587 1396 3641 ad
1406 3587 1496 3639 damni
1511 3584 1674 3640 refusionem
1687 3597 1798 3640 tenetur.
1809 3585 1965 3638 ludmilae-

1196 3677 1286 3730 etanta.
1307 3678 1343 3728 Ρ.
1363 3683 1386 3723 ².
1405 3693 1430 3743 f·
1455 3682 1493 3724 ¹⁰·
1514 3691 1546 3724 tr-
1565 3681 1607 3722 ²&-

1232 3760 1286 3813 Sed
1303 3775 1355 3808 nun
1373 3773 1438 3826 opus
1456 3772 1527 3819 esse,
1545 3756 1681 3826 operosius
1698 3755 1771 3808 circa
1784 3763 1957 3807 contractuum

1195 3844 1359 3899 diversitates
1367 3839 1511 3911 inquirere,
1522 3839 1721 3904 existimamus,
1734 3839 1894 3909 praesertim
1904 3857 1964 3890 cum

1196 3933 1224 3984 in
1243 3931 1333 4002 aprico
1353 3929 1406 3992 sit,
1425 3929 1488 3981 licet
1506 3928 1580 3998 eulpa
1599 3926 1732 3980 levissima
1751 3925 1849 3980 casuali
1870 3925 1961 3978 incen-

1196 4015 1241 4066 dio
1259 4031 1363 4068 causam
1382 4011 1447 4064 dans
1473 4029 1526 4064 raon
1552 4023 1669 4065 teneatur
1693 4013 1796 4064 actione
1813 4010 1902 4062 beati:
1926 4012 1968 4063 rel

1195 4119 1227 4154 ex
1247 4107 1389 4153 contractu
1408 4099 1510 4168 culpam
1530 4099 1616 4150 levem
1631 4105 1730 4148 tantum
1743 4093 1913 4155 admittente;
1929 4106 1965 4145 ta-

1196 4201 1256 4235 men
1275 4181 1406 4236 tenebitur
1425 4180 1533 4233 actione
1546 4179 1622 4249 Legis
1649 4175 1784 4247 Aquiliae,
1812 4193 1861 4244 qua
1884 4193 1964 4228 omne

1195 4265 1320 4318 damnum
1340 4265 1421 4318 etiam
1439 4265 1573 4318 lesissima
1587 4265 1663 4334 culpa
1675 4262 1763 4315 datum
1783 4277 1831 4330 per
1842 4261 1860 4310 l.
1877 4257 1963 4329 tcffi

1195 4352 1233 4406 ad
1248 4353 1265 4404 l.
1286 4350 1380 4420 Aqaa‘f.
1399 4349 1604 4420 praestandum
1624 4347 1696 4399 Hirro
1715 4344 1914 4399 conductorem.
1927 4345 1963 4396 li-

1193 4446 1235 4490 cet
1251 4435 1352 4489 actione
1372 4433 1452 4487 locati
1468 4451 1521 4486 non
1542 4442 1676 4493 teneatur,
1693 4441 1778 4484 tamen
1793 4428 1824 4480 l..
1845 4429 1967 4498 ¹Aquiliae

1171 4555 1172 4558 =
1193 4522 1297 4574 actione
1315 4519 1405 4589 utique
1423 4518 1523 4590 poterit
1542 4515 1692 4579 conveniri,
1711 4513 1850 4582 (adbibita
1876 4522 1964 4566 tamen

1195 4605 1369 4658 distinctione
1385 4603 1531 4672 superiori
1540 4601 1686 4656 positione
1705 4599 1777 4651 inter
1793 4598 1899 4664 culpam
1926 4599 1963 4650 Ie-

1194 4688 1333 4740 vissimum
1355 4685 1514 4738 omissionis
1531 4693 1557 4737 et
1574 4680 1792 4745 coenosissioais,
1801 4679 1963 4750 sornmta).

1194 4771 1313 4824 Furinae.
1335 4771 1416 4840 Oper.
1435 4771 1516 4824 Crim.
1536 4789 1560 4839 q.
1584 4777 1642 4820 ltu.
1662 4785 1690 4817 ιι.
1711 4775 1752 4816 23.
1771 4773 1798 4816 et
1815 4781 1870 4834 seg.

1230 4855 1394 4924 Quamquam
1410 4853 1573 4906 contrarium
1588 4851 1636 4903 hoc
1650 4867 1711 4902 casu
1724 4857 1824 4901 asserat
1836 4847 1897 4900 ton
1911 4845 1960 4897 Lu·-

1192 4938 1258 4992 bler.
1276 4950 1312 4990 tr.
1327 4939 1365 4990 ds*
1378 4937 1482 4989 taread.
1502 4956 1527 4991 e.
1546 4947 1568 4990 ι.
1581 4954 1610 4988 a.
1625 4945 1668 4986 st.
1684 4933 1729 4987 astat
1745 4943 1814 5003 putat
1831 4937 1855 4987 l..
1872 4932 1952 5000 Aqui-

1192 5021 1254 5072 liam
1275 5037 1327 5072 non
1347 5017 1442 5072 debere
1461 5020 1522 5088 capi
1537 5037 1586 5090 pro
1605 5017 1690 5086 regula
1704 5013 1864 5076 universali,
1877 5015 1954 5082 qnasi

1193 5107 1280 5159 ubiuis
1297 5106 1331 5157 ob
1342 5105 1479 5175 quodlibet
1490 5107 1616 5159 damnum
1629 5106 1709 5157 etiam
1729 5105 1802 5174 culpa
1826 5102 1960 5154 levissima

1193 5194 1283 5246 datum
1302 5191 1330 5243 L.
1351 5191 1456 5261 Aquilia
1473 5194 1518 5263 agi·
1533 5195 1634 5265 possit,
1658 5192 1702 5244 secl
1727 5192 1777 5244 boc
1808 5191 1960 5257 intelligen-

1193 5278 1255 5330 dum
1275 5293 1331 5329 esse
1352 5293 1399 5346 pro
1417 5277 1520 5331 ratione
1541 5278 1666 5331 materiae
1680 5277 1842 5339 substratae,
1858 5278 1880 5329 si
1897 5277 1959 5326 baec

1193 5381 1277 5432 quoq:
1296 5364 1397 5433 culpam
1418 5363 1579 5415 levissimam
1600 5361 1726 5432 recipiat,
1747 5361 1805 5412 sive
1824 5362 1845 5412 si
1867 5371 1959 5410 natura

1193 5457 1343 5502 contractus
1363 5448 1567 5521 praeexistentis
1582 5447 1700 5517 requirat
1713 5445 1912 5498 exact'usimaru
1923 5442 1966 5494 di*
