4504 6344
373 526 421 598 ips
621 522 671 578 DE
688 521 812 578 roseit
831 521 878 576 ET
895 517 1102 591 REQUISITIS
1121 517 1297 574 BEiiEi'lCll
1315 513 1557 574 Excessimus:
1754 521 1806 584 ios

288 625 429 700 pervenire
446 639 499 677 uon
520 621 629 692 patitur,
644 637 674 674 sc
694 619 807 690 proinde
818 635 866 691 pro
877 618 986 672 absente
1004 632 1062 670 ms·
1116 617 1174 686 Qua
1187 622 1290 689 arrepta
1310 618 1338 670 in
1357 617 1436 669 aliato
1448 633 1526 672 sensu
1536 618 1701 681 limitatione,
1715 617 1877 674 dissidentes

293 715 347 768 rito
364 719 518 783 reputatus,
543 703 704 760 beneficium
725 705 774 758 boc
792 702 957 758 excussionis
974 701 1064 757 reddit
1115 704 1176 758 DD.
1183 707 1322 779 opiniones
1333 707 1546 760 commodissime
1558 704 1592 759 sd
1606 708 1772 763 concordiam
1786 707 1877 764 reduci

292 813 406 860 cessans,
424 795 530 864 quiret
548 791 596 846 hoc
614 807 676 844 casu
692 785 865 843 conveniendi
879 784 1007 856 quaedam
1021 801 1063 838 re·
1115 807 1202 862 poseo,
1219 793 1308 846 nullu,
1326 792 1482 848 dubitarim,

292 885 372 940 subet
390 877 541 936 diiiicultas
554 875 679 947 Carpion.
693 879 729 930 P·
743 887 767 924 t.
779 875 875 930 Coust.
889 882 929 926 ts.
940 870 1007 940 Deli
1022 881 1062 924 tt·
1150 877 1270 936 Tertium
1289 878 1413 936 benefitii
1431 883 1594 938 ,gemmis
1618 885 1778 954 mmmm
1797 887 1826 940 pn
1843 905 1876 941 ω
1916 899 1945 941 u

292 971 394 1024 Valent.
419 966 534 1019 Francus
552 959 752 1031 defidejussor.
771 978 800 1012 ιι.
821 970 881 1012 stt.
901 959 1010 1025 Zacgen
1029 958 1062 1012 de
1113 965 1317 1027 constituimus,
1336 977 1364 1019 ut
1381 967 1430 1020 sub
1455 969 1526 1036 justo
1544 978 1571 1021 ct
1589 969 1710 1038 legitimo
1728 983 1887 1042 opponatur·

292 1058 410 1124 Except.
436 1055 472 1108 Ρ.
501 1062 524 1102 2.
548 1067 571 1104 e·
596 1060 635 1103 ts.
655 1067 683 1102 n.
703 1058 728 1098 s.
747 1044 858 1115 uerior.
885 1043 919 1098 de
932 1041 1059 1114 fidejuss·
1110 1059 1237 1118 tempore,
1254 1061 1282 1103 et
1297 1051 1405 1118 quidem
1419 1063 1481 1106 ante
1495 1053 1567 1106 litem
1580 1065 1762 1120 contestatum,
1775 1058 1876 1128 quippe

291 1159 314 1194 ς,
337 1151 379 1191 2¹1,
400 1157 429 1192 η.
449 1146 511 1189 tes.
1112 1131 1221 1186 aliarum
1241 1135 1422 1190 dilatoriarum
1442 1139 1600 1206 regulariter
1616 1151 1679 1192 ante
1697 1141 1725 1194 l.-
1745 1141 1774 1195 C.
1791 1162 1875 1214 oppo-

226 1237 256 1282 tc
329 1224 482 1282 Secundum
500 1241 552 1293 pro
569 1220 719 1276 obtinendo
736 1218 785 1270 boe
802 1211 933 1270 beneficio
951 1213 1060 1284 requisi·
1111 1217 1471 1290 nandansmsapitnrturam.
1491 1223 1543 1278 Sed
1562 1241 1620 1276 cum
1639 1227 1702 1279 baec
1714 1231 1876 1296 maneatioex

293 1323 350 1366 tum
369 1314 398 1364 in
417 1329 447 1363 eo
465 1307 604 1369 consistit,
630 1304 700 1376 qood
723 1301 875 1373 praesentia
900 1298 1061 1368 principalis
1112 1301 1206 1355 effectu
1224 1304 1389 1374 potissimum
1415 1311 1541 1367 resultet.
1566 1329 1598 1363 an
1627 1313 1729 1368 scilicet
1744 1315 1877 1370 actionem

291 1396 422 1452 debitoris
441 1417 456 1450 a
474 1392 634 1463 fidejussore
644 1392 681 1443 sit
694 1387 836 1461 probanda.
852 1385 988 1456 implicata
1001 1385 1061 1453 qui·
1112 1385 1233 1454 perimat,
1252 1407 1286 1440 an
1304 1409 1365 1444 sero
1384 1395 1426 1458 jus
1445 1393 1547 1461 agentis
1560 1397 1709 1465 suspendat,
1724 1399 1875 1454 uberiorem

287 1484 351 1536 dem
370 1499 419 1535 nec
439 1497 491 1535 nou
509 1479 544 1532 ob
564 1479 623 1531 lili.
644 1473 836 1528 dissonantiam
862 1469 969 1540 spinosa
987 1467 1061 1522 ride·
1111 1470 1228 1538 ejusdem
1250 1471 1468 1542 disquisitionem
1494 1478 1526 1530 ad
1551 1497 1610 1548 cap·
1630 1497 1758 1552 sequens,
1778 1485 1823 1536 uhi
1843 1485 1877 1538 de

288 1579 331 1622 tur
353 1567 489 1638 quaestio:
513 1559 801 1632 Quis,sifide1'ussor
821 1554 982 1625 beneficium
1008 1555 1060 1607 duc
1110 1553 1203 1609 effectu
1220 1559 1363 1624 agendum,
1382 1561 1529 1617 transferre
1548 1563 1626 1618 lubet.

289 1651 450 1722 opposuerit,
470 1651 640 1706 «iterantem
653 1643 815 1717 principalis
827 1637 978 1696 absentium
992 1640 1059 1692 olie-
1144 1641 1273 1710 Quartum
1293 1642 1415 1698 beneficii
1431 1647 1508 1714 liujus
1518 1649 1672 1718 requisitum
1692 1652 1720 1704 in
1740 1674 1770 1710 ρο
1790 1676 1873 1712 Μ...

291 1737 404 1807 paverit,
425 1737 511 1806 ipsam
531 1731 686 1790 absentiam
706 1730 754 1784 oei
767 1725 950 1798 praesentium
975 1743 1060 1782 onere
1109 1733 1170 1789 tur,
1190 1737 1219 1780 ut
1242 1739 1296 1781 tum
1316 1729 1423 1784 demum
1450 1730 1607 1788 bencllciom
1630 1737 1677 1792 boc
1696 1740 1730 1794 sit
1748 1757 1874 1812 reputan-

288 1821 429 1891 prodondi
443 1816 625 1888 gravandus?
642 1813 719 1868 llaud
738 1811 812 1883 pauci
840 1827 953 1863 numero
978 1821 1055 1874 suut,
1108 1809 1170 1862 dum
1191 1813 1277 1864 aalide
1294 1813 1442 1882 objeomm,
1467 1821 1571 1887 quotie,
1592 1819 1699 1876 detegor
1718 1829 1875 1900 principans

286 1907 332 1974 qui
350 1922 417 1958 onus
435 1906 493 1968 hcc,
514 1899 659 1955 absentiam
677 1907 749 1968 puta,
769 1895 896 1968 probandi
910 1895 995 1962 agenti
1007 1896 1055 1949 ad·
1106 1897 1223 1952 extiterit
1242 1899 1372 1952 solvendo.
1391 1903 1478 1954 Verba
1497 1904 1604 1973 quidem
1624 1907 1652 1960 in
1673 1911 1741 1964 Noc.
1762 1923 1784 1965 t.
1803 1934 1826 1967 c.
1849 1929 1872 1970 t.
1957 1923 1961 1930 ’

286 1989 456 2042 scribendum
476 1993 599 2040 asserunt
611 1983 749 2043 creditori,
766 1999 825 2036 curu
844 1980 963 2034 absentia
980 1993 1003 2033 t.
1017 1983 1055 2036 sit
1106 1998 1229 2047 expressa
1244 1983 1357 2036 minime
1370 1985 1419 2036 hoc
1434 1985 1575 2055 importans
1587 2008 1682 2055 assem,
1698 1994 1873 2066 inpraesenti

286 2072 350 2126 iacti
367 2072 482 2141 adeoque
501 2089 553 2124 uon
573 2066 782 2138 praesumenda,
807 2063 854 2118 sed
877 2065 966 2135 potius
990 2083 1052 2134 pro·
1103 2075 1188 2119 tamen
1205 2067 1405 2122 necimmerito
1424 2072 1567 2132 contextui.
1588 2091 1707 2132 necnon
1728 2081 1874 2152 imperato-

287 2155 375 2208 banda
393 2157 493 2210 Burtol.
513 2157 541 2209 in
562 2156 581 2207 i.
602 2166 642 2207 ts.
659 2159 747 2222 potest
763 2169 791 2205 n.
813 2147 894 2218 t't.ff
907 2153 940 2204 de
952 2152 1053 2223 coquin
1103 2147 1143 2202 ris
1167 2151 1312 2206 intentioni
1341 2171 1370 2204 ac
1395 2155 1532 2224 proposito
1561 2158 1761 2227 incidatissimo,
1790 2172 1875 2224 magt,

287 2239 397 2294 haered
417 2241 491 2292 uude
509 2257 562 2294 nou
579 2253 669 2292 caussas
685 2235 821 2289 absentiae
837 2235 979 2298 attulisse,
1004 2235 1053 2286 sed
1100 2235 1261 2288 couveniens
1274 2235 1428 2299 iudicarim.
1451 2239 1506 2294 imo
1527 2243 1669 2298 elusttrium
1684 2247 1733 2302 boc
1746 2251 1799 2303 nisi
1812 2225 1873 2322 ‹ptis

285 2324 391 2378 easdem
412 2325 534 2394 probatas
552 2322 657 2376 dedisse
673 2317 913 2376 sullicitliascaui.
932 2321 965 2374 ds
983 2322 1052 2373 Pro·
1103 2314 1252 2369 reddiderit
1272 2315 1439 2382 beneficium,
1452 2323 1550 2376 rnerito
1564 2337 1676 2382 mentem
1698 2331 1764 2400 imp.
1784 2337 1873 2388 soom.

285 2409 341 2462 dut.
359 2411 417 2462 cci.
436 2419 460 2460 t.
479 2409 575 2462 Conci.
594 2418 617 2460 t.
637 2425 664 2459 n.
686 2419 709 2460 s·
730 2417 755 2457 2.
774 2405 843 2475 Quia
860 2405 976 2460 creditor
993 2423 1054 2460 cun·
1101 2400 1158 2453 tiss.
1178 2399 1227 2453 hoc
1245 2400 1382 2468 flagitasse
1400 2405 1454 2458 erit
1472 2410 1660 2475 asserendum,
1680 2415 1742 2469 dcam
1764 2409 1872 2486 fideius-

282 2501 322 2544 tra
349 2489 537 2561 fidejussorem
569 2509 648 2560 egeus
672 2489 701 2542 in
725 2489 884 2560 principalis
907 2506 935 2542 se
959 2487 1053 2544 lundat
1102 2495 1160 2532 ³⁰¹²
1178 2481 1212 2534 ab
1232 2487 1508 2542 executiooeliberoto
1520 2495 1696 2564 principalem
1716 2493 1792 2569 prins
1810 2519 1879 2558 coo·¹

282 2574 408 2631 absentia.
428 2577 500 2647 Ergo
519 2575 587 2628 banc
605 2574 716 2646 probare
735 2583 849 2628 tenetur.
867 2573 1051 2628 VincentCa·
1103 2567 1282 2635 venientium,
1309 2573 1418 2636 tuttitli
1438 2577 1580 2632 sanciverit
1605 2585 1777 2650 auctoritate,
1804 2591 1893 2644 sirica·

282 2677 350 2714 rocr.
368 2665 403 2716 ‹ie
422 2665 545 2718 Becare.
566 2663 631 2716 dou.
649 2662 685 2717 P.
705 2672 729 2712 2.
747 2681 792 2731 qu·
812 2669 854 2713 tt.
872 2681 899 2715 n.
921 2671 963 2712 ts.
1101 2662 1189 2707 tamen
1209 2666 1299 2710 contra
1319 2655 1501 2726 fidejussorem
1522 2663 1624 2716 residua
1639 2669 1749 2730 notione,
1764 2674 1786 2725 et
1802 2677 1871 2729 nihi!

321 2749 373 2802 Sed
391 2759 501 2819 utraque
520 2749 583 2800 baec
594 2745 880 2808 ratio‚sdcontrarism
893 2765 1050 2816 mtemqusm
1100 2756 1215 2808 uuquam
1234 2762 1248 2794 a
1267 2743 1412 2811 principali
1434 2749 1557 2816 consequi
1583 2751 1702 2804 voluerit.
1730 2755 1758 2806 Si
1783 2769 1869 2812 nartem
1958 2769 1961 2778 ·

282 2831 359 2885 icelle
376 2831 556 2901 compellendi
578 2829 737 2885 seutentiam
756 2831 874 2897 eiusdem
889 2833 994 2884 videtur
1007 2851 1049 2885 va.
1101 2823 1197 2884 alimais
1215 2845 1266 2878 tion
1287 2826 1411 2880 solvendo
1429 2827 1510 2882 luserit
1529 2842 1659 2898 repertus,
1675 2837 1780 2889 inutilis
1799 2855 1869 2896 certe

281 2919 356 2978 Μὴ.
375 2935 434 2971 Μ
447 2915 640 2986 ammenti,
659 2915 719 2968 emti
739 2915 776 2966 ,ip
793 2924 820 2968 η
839 2927 974 2985 eapropter
988 2935 1049 2985 p.0.
1101 2923 1130 2958 sc
1143 2907 1289 2963 frustranen
1308 2911 1383 2981 prior
1401 2913 1557 2982 principalis
1571 2915 1697 2973 debitoris
1716 2919 1783 2974 iuret
1801 2941 1866 2976 cort-

280 3001 366 3056 banda
392 3001 525 3054 disscord.
542 3003 569 3054 d.
587 3001 606 3052 i·
624 3017 653 3052 n·
681 3012 704 3052 t.
729 2999 764 3051 Et
789 2993 929 3064 fidejussor
946 3015 1049 3068 quoqne
1098 2994 1198 3056 ventio,
1216 2993 1270 3046 imo
1290 3013 1389 3047 summa
1408 2997 1506 3052 exinde
1523 3001 1642 3054 oriretur
1659 3003 1766 3070 iniuria,
1782 3011 1869 3062 credi.

281 3085 311 3136 iu
330 3085 387 3154 ipsa
399 3100 427 3137 se
439 3082 702 3154 iundatpraesentin,
720 3081 839 3134 eamdem
853 3083 1049 3152 igiturquocue
1101 3085 1184 3129 torem
1203 3077 1236 3128 ad
1255 3077 1282 3128 id
1301 3079 1476 3147 obstringere,
1496 3101 1554 3136 cum
1574 3097 1659 3140 tamen
1674 3091 1743 3142 riom
1763 3093 1868 3162 aliquid

280 3169 397 3238 probare
416 3167 468 3220 erit
491 3169 645 3222 obstrictus·
670 3169 788 3237 Utraque
812 3166 894 3234 iocur
918 3169 1049 3220 sententia
1100 3178 1114 3212 s
1132 3161 1250 3215 debitore
1267 3165 1444 3232 consequendi
1465 3166 1669 3236 deprehenderit
1686 3177 1867 3244 praeclusam,

279 3253 359 3322 parili
379 3271 438 3306 cum
458 3253 557 3308 nitatur
574 3253 755 3314 fundamento,
768 3251 887 3322 iuqssam
908 3251 1047 3315 magisiu·
1100 3252 1130 3294 ul
1155 3260 1203 3312 per
1228 3261 1390 3314 consequens
1417 3247 1542 3303 creditori
1562 3269 1595 3308 ex
1616 3253 1663 3307 hoc
1681 3255 1816 3312 obstaculo
1835 3275 1890 3316 ne'

281 3339 433 3392 elinandum
447 3341 479 3394 ,ip
491 3339 660 3400 sementim,
671 3339 840 3393 mol-„ndum
855 3337 1046 3392 effect-odim.
1098 3326 1206 3392 quidem
1224 3327 1293 3381 actio
1310 3329 1431 3384 aduersus
1450 3331 1596 3386 debitorem
1611 3335 1766 3392 intentanda
1787 3359 1865 3412 supe.

280 3424 320 3476 ris
338 3422 426 3491 itaque
445 3435 535 3476 contra
555 3419 856 3490 fidejussoremagentis
873 3421 1047 3473 actionemiu
1097 3425 1169 3464 ‘⁸³⁵0
1188 3413 1318 3480 viderint,
1337 3436 1397 3470 cum
1417 3417 1451 3470 ⁰b
1471 3419 1589 3489 inopiam
1616 3422 1758 3478 adversarii
1780 3427 1870 3484 inanis

279 3507 440 3578 principalis
452 3505 492 3560 rei
505 3503 627 3559 absentia
642 3505 754 3558 minime
765 3504 881 3558 dixerim
901 3502 1046 3564 fundatam,
1100 3496 1134 3549 sit
1151 3497 1220 3549 actio
1246 3501 1277 3553 L
1301 3503 1372 3554 Num
1392 3503 1416 3554 ia
1435 3505 1510 3575 eff
1535 3505 1568 3558 sie
1591 3509 1657 3560 dolo
1681 3512 1746 3564 mai.
1772 3513 1865 3564 Valeo.

280 3592 326 3643 sed
346 3592 433 3662 potius
452 3591 480 3643 in
499 3591 625 3644 libertate
641 3591 700 3656 jure
718 3587 851 3641 mmmuui
871 3585 925 3639 sibi
942 3601 1046 3652 compe·
1098 3579 1190 3630 Franc-
1209 3580 1241 3634 cie
1250 3582 1377 3656 fidejuss.
1399 3605 1422 3641 c·
1444 3599 1467 3639 t.
1486 3608 1515 3642 u.
1536 3601 1597 3643 stt.
1617 3591 1675 3662 ipso
1696 3595 1769 3648 enim
1788 3597 1864 3648 deiri.

278 3683 358 3736 tecte,
376 3691 425 3724 usas
444 3674 483 3725 rel
504 3673 679 3743 principalem
699 3674 739 3725 rel
758 3668 939 3738 fidejussorem
955 3685 1047 3722 conse·
1101 3663 1266 3736 torlsinopia
1279 3689 1384 3724 omnem
1399 3672 1541 3727 excludere
1553 3675 1661 3728 ridetur
1673 3681 1867 3744 excussionem,

279 3755 375 3809 nieudi
389 3756 528 3809 electionis
546 3756 600 3826 ipsi
618 3757 749 3826 permissa
769 3755 851 3808 luerit
870 3762 985 3823 potestas
997 3768 1048 3820 per
1096 3769 1149 3817 quo
1167 3761 1265 3821 spectat
1285 3757 1397 3824 vulgaris
1417 3759 1463 3811 iiie
1481 3761 1652 3826 antiquorum
1672 3761 1865 3819 Germanorum

279 3840 298 3892 i.
320 3854 345 3894 t.
364 3853 389 3892 s.
409 3850 450 3892 tt.
472 3842 501 3894 C.
522 3838 689 3912 defitiejuss.
702 3841 779 3892 Hauc
797 3839 975 3892 intentionem
993 3855 1047 3890 cre·
1097 3836 1221 3904 loquendi
1239 3837 1345 3892 modus:
1364 3843 1413 3894 Wo
1426 3843 1515 3896 nicius
1526 3843 1570 3905 ist,
1579 3843 1615 3897 da
1628 3845 1678 3898 dut
1687 3847 1868 3918 deri'ueyser

282 3925 395 3986 (litoris,
412 3925 470 3991 iure
488 3923 622 3978 communi
641 3922 793 3988 fundatam,
813 3921 912 3974 elidere
936 3929 1046 3973 conatur
1095 3918 1152 3971 sein
1172 3923 1258 3974 ltectr
1273 3923 1427 3977 vericireo.
1449 3927 1485 3978 Ut
1504 3927 1574 3980 sicco
1597 3930 1671 3996 quasi
1691 3931 1757 4000 pede
1777 3944 1867 3986 trans.

280 4005 425 4078 fidejussor
435 4027 482 4081 per
493 4006 651 4064 beneficium
671 4007 834 4062 excussionis
846 4004 1046 4073 fideiussoribus
1097 4019 1164 4064 eam,
1177 4017 1225 4054 nec
1240 4001 1325 4072 ipsios
1337 3999 1504 4072 fidejussoris
1517 4007 1682 4061 commodum
1698 4011 1758 4064 huic
1772 4031 1864 4066 excos-

278 4096 338 4162 jore
356 4094 502 4148 novissimo
519 4111 686 4152 concessum:
705 4102 746 4146 ast
763 4092 813 4145 boc
837 4088 994 4144 beneficium
1015 4091 1042 4144 in
1095 4085 1164 4139 sioni
1190 4087 1264 4155 quasi
1290 4105 1348 4140 esse
1371 4087 1521 4150 insertum,
1547 4107 1605 4142 curn
1632 4111 1665 4145 ne
1689 4095 1802 4148 minima
1830 4116 1862 4153 ex

281 4179 443 4250 principalis
469 4178 596 4233 debitoris
619 4195 648 4232 ae
672 4177 767 4230 iuudat
791 4177 947 4248 praesentis.
977 4177 1044 4244 Ergo
1094 4179 1170 4242 parte
1189 4169 1226 4222 ita
1245 4171 1374 4226 rotet-etur
1392 4173 1802 4236 Mattb.Weserub.P.Conct.
1819 4194 1864 4237 so,

277 4261 480 4316 fundumentum
500 4264 540 4315 sui
559 4259 684 4316 beneficii
711 4262 873 4332 probandum
892 4257 1042 4328 fidejussori
1096 4279 1124 4314 n.
1140 4270 1181 4312 tt.
1217 4272 1220 4279 ·

277 4347 366 4417 utique
384 4345 528 4408 incumbite
546 4347 653 4415 allegata
671 4347 744 4399 enim
762 4345 927 4415 praesentia,
944 4345 1040 4396 absec-
1129 4343 1267 4396 Caeterum
1287 4345 1349 4398 dum
1369 4345 1495 4398 solvendo
1519 4363 1637 4417 suppono
1662 4350 1860 4420 principalem,
1901 4371 1930 4412 ts

273 4431 321 4490 tia,
339 4429 395 4482 uisi
414 4429 573 4484 contrarium
593 4429 714 4483 elicietur
738 4439 763 4484 et
785 4428 946 4492 declaretur,
966 4441 1041 4498 prae-
1092 4447 1145 4482 non
1164 4429 1247 4498 qitoad
1267 4430 1379 4482 solidum
1399 4430 1515 4482 debitum
1541 4433 1698 4484 solutionem
1725 4435 1861 4492 desidero-

276 4513 392 4566 sumitur
408 4511 539 4566 blancard.
559 4513 652 4568 Conci.
672 4523 696 4564 t.
715 4533 744 4566 n.-
765 4522 789 4565 t.
808 4529 880 4566 cers.
899 4513 937 4566 ud
953 4509 1042 4565 cunci
1091 4515 1185 4580 aerim,
1198 4526 1296 4584 partem
1310 4513 1393 4567 debiti
1406 4515 1514 4568 solvisse
1528 4513 1674 4578 suffecerit,
1686 4519 1774 4586 primo
1787 4523 1860 4578 enim

277 4598 389 4652 dandos
401 4597 526 4652 Carocius
545 4597 570 4650 d.
589 4597 607 4650 i·
626 4617 654 4652 n.
675 4609 716 4652 te·
737 4597 790 4655 Sed
808 4600 856 4652 boc
874 4607 961 4650 tamen
980 4615 1040 4650 cum
1091 4597 1218 4650 hactenus
1236 4599 1359 4650 excussio
1386 4597 1571 4662 instituenda,
1590 4607 1730 4668 numquam
1749 4599 1860 4670 iidejm.

274 4691 482 4750 temperamento
506 4681 621 4735 dixerim
646 4683 845 4754 accipiendum,
865 4683 920 4734 nisi
938 4683 1040 4753 princi·
1092 4700 1135 4737 scr
1148 4683 1298 4736 excutiatur
1316 4681 1341 4733 d.
1360 4681 1429 4734 Noo-
1450 4690 1473 4732 t.
1492 4700 1515 4733 c.
1539 4693 1560 4733 t.
1580 4683 1704 4738 Pluribus
1715 4687 1763 4739 bac
1777 4689 1810 4740 de
1824 4708 1862 4755 re,

275 4768 345 4836 palis
364 4766 468 4818 debitur
486 4767 535 4820 sub
554 4768 645 4821 eadem
670 4786 730 4823 cum
756 4764 912 4834 fideiussore
930 4767 1040 4834 jurisdi·
1090 4769 1150 4837 quis
1165 4783 1215 4818 non
1231 4764 1363 4826 solvendo,
1383 4775 1410 4817 et
1428 4767 1470 4818 cui
1488 4767 1579 4836 iuopia
1593 4767 1732 4834 debitoris,
1745 4790 1777 4823 au
1795 4771 1863 4826 lide·

273 4852 364 4904 ctione
382 4849 547 4904 domicilium
566 4853 697 4916 babuerit,
716 4852 754 4907 ita
772 4853 845 4906 euim
865 4846 1006 4916 fidejussor
1024 4869 1038 4900 a
1089 4850 1185 4922 jussori
1197 4867 1230 4901 an
1245 4847 1382 4912 creditori,
1396 4849 1538 4919 probanda,
1557 4851 1685 4918 agendum
1701 4871 1756 4923 cap.
1769 4851 1817 4908 lin.

274 4935 319 4988 tali
338 4934 435 4986 meritc
453 4934 582 4988 immunis
595 4949 662 4992 esset
673 4937 838 5006 probatione.
852 4935 882 4990 Et
895 4935 955 4989 licet
971 4932 1038 4987 lide-
1124 4935 1197 4986 ilaec
1214 4932 1360 5002 potissim,
1377 4931 1473 5001 quibus
1491 4929 1620 4986 beneficii
1640 4933 1724 4988 iorrna
1745 4939 1857 5004 subolet,
1898 4957 1931 5004 so

269 5022 358 5088 jussor
375 5018 461 5072 adhuc
480 5019 509 5070 in
528 5019 659 5089 praedicta
679 5037 708 5073 se
725 5017 820 5072 luudet
832 5017 991 5089 praesentia,
1003 5019 1038 5072 ob
1087 5026 1167 5072 erunt
1184 5017 1320 5087 requisita,
1339 5025 1370 5069 ut
1388 5017 1437 5070 hoc
1456 5035 1534 5072 suum
1554 5019 1697 5089 producere
1714 5025 1805 5091 possit
1822 5028 1861 5079 ei-

269 5105 338 5171 iuris
364 5113 453 5156 tamen
478 5121 529 5173 pro
553 5121 582 5156 sc
606 5104 765 5158 militantem
791 5105 1034 5174 praesumptionem
1087 5101 1196 5155 lectum.
1220 5103 1281 5155 tam
1304 5117 1405 5170 operae
1430 5105 1546 5171 pretium
1574 5102 1689 5167 existit,
1715 5107 1861 5174 legitimam
1902 5171 1907 5184 ι

268 5205 347 5240 onere
366 5187 414 5240 boc
434 5185 563 5257 probandi
582 5188 775 5251 exonerabitur,
787 5189 848 5242 dum
862 5189 975 5259 quisque
988 5189 1033 5241 ubl
1085 5183 1249 5239 excussionis
1268 5183 1380 5235 lustrare
1398 5182 1519 5247 formam,
1534 5195 1561 5239 et
1574 5203 1639 5255 quae
1658 5187 1707 5239 hoc
1726 5187 1861 5248 beneficio

270 5271 435 5322 domicilium
454 5270 547 5334 babet,
574 5271 674 5324 tamdiu
692 5273 870 5342 praesumitur
893 5289 1046 5344 praesens,
1083 5269 1209 5338 opposito
1228 5265 1314 5334 iudici
1335 5267 1392 5318 sini
1410 5271 1567 5338 exponendo
1582 5275 1781 5341 atqueageuda.
1800 5275 1865 5330 i’ri·'

267 5355 351 5406 donec
369 5354 516 5406 absentiam
537 5355 604 5406 alter
628 5355 732 5408 dederit
755 5357 949 5424 comprobatam
975 5357 1032 5406 itia-
1084 5374 1127 5406 mo
1145 5357 1230 5424 itaque
1249 5353 1271 5405 si
1291 5353 1371 5420 judex
1389 5371 1466 5406 causa
1487 5358 1630 5408 summarie
1648 5359 1778 5426 cognitas
1794 5358 1861 5416 fite:

269 5439 352 5496 nutt.
368 5439 395 5495 d·
416 5438 516 5496 cond.-
529 5453 553 5496 t·
573 5457 602 5496 nt
622 5448 646 5492 2.
665 5439 758 5495 Carsu
777 5441 803 5496 d·
823 5461 866 5516 qu.
888 5450 928 5494 te.
944 5457 971 5494 n·
988 5450 1032 5495 tta
1081 5443 1182 5514 jussore
1200 5439 1384 5494 excussionem
1403 5438 1472 5493 hauc
1493 5440 1562 5493 baud
1580 5439 1861 5517 injuria-oppositurus¹
