4424 6340
304 523 335 588 47
636 509 702 570 ¹DE
721 515 942 572 PltlESchPT·
962 515 1136 574 CONVFNT·
1156 519 1381 576 conrnttttts.
1704 527 1736 590 ill

216 619 305 691 ffde
316 607 551 684 Contrad.Empt.
565 611 615 662 flio
628 611 701 662 enim
715 611 812 677 justum
826 611 940 679 pretinm
954 628 997 662 sn-
1048 629 1112 665 num
1132 631 1208 685 supra
1227 613 1410 679 adductarum,
1434 619 1561 686 qoaehic
1580 621 1649 677 vires
1669 621 1812 690 amittunt,
1903 661 1905 665 -

224 699 458 770 bintelligendnrn,
478 699 511 750 de
529 716 559 750 ω
578 697 652 748 enim
672 693 788 746 sensisse
801 695 997 760 contrahentes,
1050 696 1102 749 Dn.
1117 697 1150 748 Ι).
1164 697 1312 752 Brnnnetn.
1334 701 1441 754 conam·
1453 705 1519 758 Cod
1536 707 1576 760 ud
1585 712 1617 761 L.
1632 727 1700 762 cunr.
1713 709 1812 765 Domi·

226 787 283 838 nisi
296 783 459 838 contrarium
480 789 613 852 appareat,
641 778 829 850 praesumitur,
847 794 905 828 oram
925 796 995 830 aem·
1049 798 1116 832 narn
1133 791 1171 833 ts.
1184 783 1218 834 de
1228 782 1335 852 pigner.
1348 795 1374 837 et
1385 786 1493 857 hypoth-
1506 789 1564 843 Non
1583 793 1655 843 enim
1668 792 1814 846 bio'subest

226 889 276 942 per
294 887 341 941 pro
361 867 476 919 valentia
496 875 568 918 actus
588 863 616 915 in
635 861 716 913 dnbio
736 861 843 915 serenda
855 863 995 916 sententia.
1045 865 1213 937 locupletatio
1224 867 1381 934 creditoris,
1394 888 1452 923 curn
1466 873 1545 927 Datin
1555 875 1584 926 in
1595 876 1710 929 soluturo
1721 877 1812 929 condi-

228 955 263 1006 ι,
278 949 362 1019 ⁸⁰·ff·
376 951 409 1002 de
427 951 459 1002 V.
476 950 507 1001 0.
523 950 554 1000 L·
570 945 653 1016 tnffi
665 946 697 998 de
710 949 742 1000 li·
757 950 780 999 Ι.
794 945 892 998 Eadem
907 947 994 1017 Impe-
1050 949 1158 1004 tionalis
1169 950 1254 1020 aliqua
1267 952 1386 1006 venditio
1406 957 1442 1010 sit
1460 957 1488 1009 L.
1508 959 1660 1029 Eleganter
1671 971 1712 1012 ιι.
1724 961 1755 1014 de
1769 959 1812 1030 pi-

227 1037 288 1090 riali
304 1039 367 1101 iure
382 1032 510 1104 permissa
523 1032 625 1101 pactio,
645 1029 678 1082 de
695 1047 724 1082 re
741 1029 914 1100 oppignorata
927 1032 997 1099 justo
1048 1049 1127 1100 gnon
1141 1045 1193 1087 act.
1207 1034 1345 1104 Augustin-
1360 1037 1458 1092 Berous
1472 1041 1528 1093 vol.
1543 1053 1565 1094 ι.
1579 1043 1673 1097 consil.
1689 1057 1730 1098 ιι.
1744 1063 1772 1096 ιι.
1788 1057 1811 1096 s.

226 1121 315 1194 presto
327 1116 471 1180 audenda,
492 1115 582 1168 debito
599 1133 652 1167 non
672 1115 765 1176 soluto,
786 1113 855 1184 quod
874 1123 946 1185 patet
964 1131 997 1167 ex
1047 1117 1125 1169 etsie
1139 1135 1188 1188 pro
1202 1121 1305 1172 ratione
1324 1121 1404 1191 pretii
1426 1133 1526 1177 tanturn
1540 1127 1672 1181 Creditori
1688 1127 1809 1192 traditur,

227 1208 254 1258 d.
273 1201 369 1256 Ordin.
385 1201 470 1255 Polit.
491 1199 516 1252 d.
536 1209 554 1250 t.
581 1203 642 1253 Von
661 1199 714 1251 den
736 1197 828 1251 Jnden
842 1198 901 1251 und
911 1199 998 1250 ihrem
1047 1210 1171 1254 manente
1201 1205 1270 1254 salva
1298 1204 1421 1258 Debitori
1450 1211 1553 1262 actione
1579 1212 1612 1263 ad
1638 1213 1810 1282 repetendum

235 1284 437 1342 iiieclrerrerba
452 1283 516 1335 haec
535 1291 612 1344 sunta
626 1284 719 1336 dolien
732 1281 776 1334 die
789 1281 882 1334 Jnden
895 1281 937 1334 die
948 1302 993 1351 ge·
1046 1301 1190 1338 excessum.
1208 1285 1264 1340 Nec
1283 1285 1393 1342 irauseo
1406 1289 1464 1361 ipso
1476 1292 1537 1360 Legi
1556 1289 1616 1345 tieri
1634 1305 1730 1364 potest,
1751 1311 1810 1346 cum

227 1387 372 1425 „ommam
384 1364 505 1436 Psande,
518 1366 554 1418 dc
565 1364 679 1436 diefelbe
697 1366 725 1418 in
744 1365 999 1430 relitterenderZeit
1047 1367 1092 1420 hic
1111 1369 1181 1420 nulla
1201 1371 1305 1423 ratione
1323 1372 1417 1442 pignus
1436 1377 1626 1442 constitutum,
1645 1387 1671 1429 et
1689 1379 1809 1448 qrramsis

227 1473 286 1508 von
311 1455 371 1507 dem
394 1449 553 1523 donaldiger
575 1449 652 1502 niclrt
672 1449 833 1519 eingeloeset
863 1449 975 1500 murden
988 1487 997 1513 ,
1047 1453 1096 1506 hoc
1113 1452 1220 1516 iactum,
1232 1472 1284 1506 non
1297 1464 1394 1520 tamen,
1409 1457 1462 1509 nisi
1474 1459 1549 1513 licito
1569 1479 1597 1513 ac
1616 1462 1737 1530 legitimo
1751 1479 1809 1513 mo·

229 1538 313 1593 aaran
330 1535 515 1591 Ericentniss
532 1534 609 1586 ilerar
629 1531 775 1602 Obra'gkeir,
790 1532 845 1585 nu'e
862 1532 955 1585 sinclis
965 1551 997 1584 au
1046 1535 1088 1600 do,
1102 1553 1159 1590 rem
1171 1539 1333 1608 pignoratam
1348 1541 1470 1610 acquirit.
1483 1541 1517 1593 Et
1529 1543 1567 1595 sic
1578 1545 1691 1599 tantitas
1710 1563 1812 1614 qnoque

229 1623 316 1676 necte
331 1619 466 1687 gebitlrrer,
486 1619 700 1686 umgerclrlagen,
717 1613 867 1683 veriunffl,
879 1615 938 1666 nnd
948 1615 997 1666 dar
1046 1621 1218 1690 persuadendi
1232 1621 1381 1688 injustitiae
1395 1624 1520 1676 maculam
1535 1626 1643 1679 Dationi
1656 1629 1684 1679 in
1697 1630 1812 1682 solntntu

231 1704 324 1774 dirige
343 1703 420 1768 Geld,
439 1704 475 1756 da
495 1704 554 1755 dem
573 1703 664 1752 Jnten
684 1701 734 1752 dns
752 1697 853 1767 seinige
865 1697 995 1763 ertlreilet,

229 1790 289 1842 dem
300 1786 461 1858 Schuldiger
475 1783 595 1857 gesialget
612 1785 670 1840 und
680 1785 780 1836 ternus
794 1781 909 1854 gegeben
925 1799 994 1836 rner-

233 1875 294 1926 den.

1047 1795 1088 1838 ter
1100 1786 1253 1840 Debitorem
1271 1797 1298 1841 et
1317 1787 1481 1842 creditorem
1494 1796 1701 1848 contraheretur.
1715 1797 1766 1846 Dn.
1781 1797 1811 1846 n.

1047 1869 1193 1922 Bruonern.
1207 1871 1247 1925 od
1256 1875 1321 1941 leg.
1335 1873 1421 1926 iidem
1434 1888 1459 1926 ιι.
1471 1879 1503 1930 C.
1517 1876 1549 1928 de
1560 1882 1636 1931 Sent.
1655 1889 1681 1932 et
1698 1880 1812 1932 interlo-

1047 1721 1099 1756 non
1111 1705 1160 1756 alia
1175 1704 1278 1756 ratione
1288 1700 1329 1768 lit,
1345 1723 1423 1774 quern
1435 1707 1458 1758 si
1472 1707 1580 1779 Emptio
1591 1729 1620 1763 ac
1631 1712 1758 1765 venditio
1769 1712 1812 1762 in·
1911 1727 1914 1736 ’

273 1955 313 2008 An
328 1963 414 2006 nutem
430 1953 647 2008 Constantiniana
662 1951 707 2004 itta
719 1950 826 2004 Sanctio
843 1949 872 2003 in
889 1949 916 2002 d.
933 1951 997 2022 leg.

233 2042 283 2095 ult.
303 2040 336 2093 G.
355 2039 388 2089 de
403 2047 474 2109 pact.
492 2038 600 2106 pigner.
614 2037 771 2088 extendatur
788 2051 872 2104 quoqa
891 2033 924 2084 ad
942 2034 996 2085 Da·

234 2125 333 2175 tionem
348 2122 376 2172 in
389 2122 515 2184 solutum,
533 2130 564 2172 ut
581 2128 608 2172 et
627 2121 655 2170 iu
676 2117 723 2170 hac
741 2115 918 2186 Praescriptio
929 2114 997 2166 Con-

232 2205 391 2260 rentionalis
406 2203 684 2258 Paetocomrnissorio
697 2203 783 2268 juncta
796 2200 930 2271 prohibita
941 2217 1000 2252 cen·

233 2290 371 2351 cendant,
386 2304 437 2340 non
451 2287 556 2340 ridetur
568 2285 648 2338 dubio
671 2281 778 2337 rasere?
795 2283 908 2336 Promisi
920 2283 998 2349 hujus

233 2373 348 2444 quaesiti
366 2371 550 2424 enodationem
572 2369 600 2422 in
619 2387 640 2421 e.
660 2385 754 2439 praec.
770 2385 798 2419 n.
814 2376 854 2418 4ι.
868 2363 914 2416 ubi
928 2364 997 2417 insi·

233 2458 290 2510 mul
303 2453 442 2506 dubitandi
457 2455 588 2506 rationem
602 2451 777 2524 suppeditavi,
789 2450 916 2502 nimirum
929 2444 998 2518 quod

233 2541 323 2593 eadem
338 2539 382 2590 hio
394 2537 553 2608 prohibendi
567 2537 641 2588 adsit
652 2551 737 2600 causa,
749 2551 815 2605 quae
832 2535 908 2585 adest
919 2532 948 2584 in
960 2531 999 2601 pi-

233 2641 321 2695 goore.
342 2623 452 2674 Etenim
476 2621 578 2688 injnsta
598 2621 644 2673 itta
662 2617 830 2690 locupletatio
853 2613 998 2670 creditoris

230 2709 276 2761 hic
292 2723 393 2776 quoque
413 2705 465 2757 sibi
484 2705 568 2756 locum
589 2703 714 2757 vindicat.
734 2699 844 2756 Snt'licit
861 2698 950 2762 enim,
969 2706 999 2748 ut

230 2809 275 2847 res
287 2794 459 2864 oppignorata
471 2788 518 2842 fiat
527 2789 677 2854 creditoris,
690 2788 831 2860 quomodo
846 2787 874 2839 id
887 2783 943 2848 fiat,
957 2801 999 2856 pe-

230 2875 308 2930 rinde
326 2883 375 2936 est,
393 2891 452 2926 cum
474 2891 578 2944 semper
597 2872 626 2925 in
645 2873 793 2927 debitorem
813 2870 942 2924 redundet
958 2870 997 2936 ja·

229 2973 303 3014 ctura
315 2977 344 3012 ac
356 2959 491 3012 damnum.
505 2957 615 3014 decedit
625 2968 652 3012 et
664 2959 722 3026 hoc,
732 2959 816 3029 quode
829 2957 853 3010 si
866 2955 892 3008 d.
905 2953 998 3026 L-fin·

230 3047 268 3102 C·
285 3053 390 3098 tantum
418 3044 603 3112 restringenda
626 3040 696 3095 foret
722 3041 754 3094 ad
775 3042 886 3112 pignos,
908 3039 999 3108 utique

233 3128 306 3180 iraos
318 3127 370 3197 ipsi
383 3123 460 3180 iieret
478 3144 526 3197 per
544 3127 679 3180 dationem
698 3128 728 3178 in
746 3130 870 3180 solutum.
890 3125 1001 3178 Posseut

1046 1964 1098 2005 ent.
1122 1955 1183 2006 Vid·
1205 1956 1256 2007 Dn.
1276 1957 1309 2009 de
1326 1956 1412 2010 dhena
1426 1959 1542 2012 Dissert.
1553 1962 1587 2012 de
1598 1967 1663 2033 Lag.
1677 1964 1812 2017 eornenirs.

1047 2037 1086 2088 ιΙι.
1106 2049 1146 2090 ιι.
1165 2036 1286 2092 Crarette
1302 2041 1363 2094 dict.
1381 2041 1477 2094 consil.
1496 2055 1555 2096 ιιι.
1573 2063 1602 2096 n.
1623 2056 1646 2096 ι.
1667 2049 1807 2116 seqq-iac.

1048 2121 1170 2176 Menneh.
1182 2123 1278 2176 consil.
1290 2135 1298 2176 ι
1308 2137 1364 2180 ιιι.
1373 2144 1401 2179 ιι.
1411 2137 1434 2177 ι.
1445 2125 1584 2197 Angustia.
1601 2129 1700 2183 Beroua
1713 2131 1770 2183 noi.
1787 2144 1809 2184 ι.

1050 2205 1145 2258 nonsit.
1160 2215 1218 2260 ros.
1231 2225 1259 2259 n.
1274 2223 1299 2262 a.
1709 2265 1712 2272 ⁴

1084 2288 1221 2344 Caeterum
1239 2292 1369 2362 quomodo
1381 2295 1418 2346 Vl
1431 2293 1535 2349 Plch
1553 2293 1646 2349 effectu
1665 2313 1711 2350 sno
1729 2297 1811 2351 desti·

1050 2379 1139 2426 tuatur
1165 2376 1341 2448 Praescriptio
1365 2377 1597 2444 conventionalia,
1618 2381 1702 2432 adhuc
1722 2381 1812 2434 riden-

1049 2455 1121 2509 durn.
1139 2457 1174 2510 Et
1189 2459 1298 2529 quidem
1317 2478 1405 2516 ansam
1425 2464 1502 2516 nobis
1522 2464 1628 2535 praebet
1647 2483 1675 2518 ao
1695 2468 1812 2537 primum

1049 2542 1197 2612 exemploru
1226 2545 1351 2614 proponit
1377 2545 1460 2600 Jctus
1490 2548 1586 2600 Paulos
1612 2547 1641 2599 in
1666 2560 1755 2602 nostra
1779 2553 1810 2602 L.

1048 2626 1241 2698 AEmilinsffi
1250 2630 1284 2682 de
1296 2630 1397 2682 Minor.
1409 2630 1452 2683 his
1465 2630 1568 2684 serbis:
1585 2635 1666 2701 Quod
1683 2634 1817 2686 Venditor

1050 2708 1243 2764 denunciando
1261 2723 1322 2782 post
1341 2713 1421 2779 diem,
1435 2733 1488 2784 qno
1506 2715 1650 2782 placuerat
1668 2733 1723 2769 esse
1741 2734 1815 2770 corn-

1050 2793 1161 2848 rnisrnns
1180 2805 1207 2849 et
1221 2796 1337 2865 pretinm
1354 2799 1483 2867 petendo,
1495 2798 1639 2854 decessisse
1659 2821 1675 2853 a
1694 2801 1814 2868 legerer

1049 2879 1100 2932 vid
1113 2890 1194 2932 retur.
1203 2878 1242 2932 Ex
1253 2880 1296 2932 his
1306 2881 1491 2951 colligozquod
1499 2894 1583 2934 caret
1591 2884 1813 2954 praescriptionis

1050 2963 1262 3018 conventionalia
1282 2967 1321 3018 ris
1340 2968 1368 3018 in
1388 2967 1467 3019 Paeto
1480 2965 1678 3034 commissario,
1700 2970 1722 3020 si
1742 2970 1814 3040 lapso

1051 3049 1165 3101 termino
1177 3047 1309 3102 venditor
1322 3049 1439 3120 pretium
1461 3051 1578 3120 petierit.
1592 3051 1700 3104 Etenim
1714 3051 1741 3102 id
1752 3071 1813 3106 oon·

1051 3141 1157 3185 rentum
1170 3132 1202 3184 ab
1216 3131 1295 3184 initio
1306 3144 1369 3196 erat,
1383 3143 1479 3186 utnon
1492 3134 1576 3188 soluto
1587 3135 1673 3204 pretio
1686 3135 1756 3188 intra
1769 3137 1815 3190 de·

231 3214 304 3267 anm
317 3213 451 3264 abstinere
464 3211 650 3264 contrahentes
663 3211 794 3266 insidioso
813 3213 934 3282 pignoris
954 3227 1000 3262 no-
1050 3211 1159 3268 flnitum
1179 3225 1345 3286 tempus,res
1358 3217 1394 3269 sit
1406 3218 1535 3288 inempta.
1555 3217 1580 3269 d
1600 3221 1633 3273 L.
1651 3219 1816 3280 Anauros:

233 3299 315 3362 mirre,
331 3313 360 3348 eo
374 3296 401 3346 in
416 3294 550 3346 dationem
563 3295 592 3346 iu
606 3296 720 3348 soluturo
735 3303 904 3348 commutato.
919 3295 950 3344 V.
960 3311 999 3362 gr.
1052 3299 1103 3351 Sed
1123 3299 1170 3364 ita,
1183 3298 1206 3351 si
1219 3299 1269 3352 hoo
1280 3300 1344 3352 velit
1357 3298 1496 3364 venditor,
1516 3301 1544 3352 in
1562 3301 1636 3368 cnjus
1655 3300 1768 3354 arbitrio
1786 3301 1814 3353 id

234 3381 264 3434 si
276 3381 346 3432 intra
362 3387 491 3430 statutum
505 3389 606 3448 tempus
617 3395 669 3428 non
687 3380 789 3438 solrero
803 3375 945 3441 creditum,
960 3394 1001 3430 res
1051 3381 1183 3453 positum,
1201 3401 1261 3436 earn
1280 3384 1336 3450 ejus
1353 3384 1437 3450 gratia
1456 3384 1505 3436 hoc
1522 3394 1628 3454 pactum
1647 3386 1813 3457 appositum,

234 3461 312 3526 hm·
332 3463 371 3516 tel
388 3463 524 3532 Pmdiuffl
552 3461 615 3524 ¹1⁰⁰,
636 3459 687 3512 tihi
708 3459 835 3513 creditori
853 3461 891 3513 ⁸52
910 3459 1000 3510 datum
1052 3467 1094 3522 coi
1117 3467 1273 3520 renunciare
1290 3477 1391 3537 potest,
1408 3483 1458 3539 per
1475 3467 1584 3538 allegat.
1602 3485 1678 3537 supr.
1696 3487 1719 3522 c·
1739 3481 1763 3522 ι.
1782 3469 1816 3522 Ει

231 3548 384 3602 insolutum.
400 3545 434 3596 Et
445 3545 477 3596 ad
490 3545 539 3597 hoo
552 3546 640 3614 ipsum
651 3559 776 3614 persuasu
788 3543 892 3596 nctttor
904 3553 944 3596 eti
956 3543 998 3596 de·
1053 3551 1101 3604 lroc
1124 3549 1267 3604 arbitrium
1285 3567 1395 3619 eousque
1414 3568 1442 3602 se
1461 3552 1591 3615 extendit,
1604 3551 1685 3604 donec
1704 3553 1816 3605 alterum

232 3629 391 3692 bli⁰h⁰¹¹¹¹¹
406 3629 506 3680 bilem
524 3644 567 3680 Μ
584 3628 654 3698 apud
666 3645 725 3682 eum
737 3636 901 3698 permanan
921 3628 1002 3680 ⁵⁰0⁰!
1053 3634 1175 3704 elegerit:
1198 3635 1216 3686 i.
1236 3651 1260 3688 e.
1277 3635 1319 3686 vet
1344 3633 1459 3704 pretium
1484 3633 1602 3705 petierit,
1619 3635 1662 3686 ael
1681 3653 1735 3688 rem
1756 3638 1815 3689 rin-

234 3729 303 3776 rero,
323 3713 346 3764 si
366 3713 461 3782 pignus
477 3709 571 3764 oderat
583 3711 727 3774 creditori,
746 3711 808 3782 quia
826 3711 855 3762 in
877 3710 923 3764 illo
941 3727 1001 3762 casu
1054 3718 1190 3780 dicaverit,
1205 3728 1337 3787 tamqnam
1350 3719 1496 3787 inemptam
1516 3720 1547 3771 L.
1569 3728 1592 3769 4.
1611 3715 1634 3788 5.
1653 3730 1675 3769 ι.
1695 3721 1726 3772 l.
1750 3733 1774 3773 ι.
1791 3718 1814 3791 5.

234 3797 339 3851 facilior
352 3798 481 3862 retentio,
500 3815 529 3850 ae
549 3797 577 3848 in
597 3797 646 3850 hoo
666 3815 726 3851 caso
739 3798 888 3867 persecutio
901 3799 932 3849 l„
945 3798 1004 3850 Per
1043 3801 1101 3872 fin.
1117 3811 1141 3854 er
1154 3806 1187 3856 ι.
1201 3814 1224 3852 ι.
1226 3798 1267 3870 ff
1280 3802 1312 3854 de
1327 3804 1359 3855 ι.
1372 3799 1506 3854 ιοιιιιιιίιι.
1526 3801 1555 3854 Si
1579 3811 1665 3854 tamen
1685 3804 1817 3858 venditor

234 3881 413 3936 retentionem
426 3891 449 3931 ⁴·
461 3882 494 3936 C·
504 3881 538 3934 de
553 3885 632 3934 Usar·
645 3890 675 3932 nt
687 3882 723 3933 ita
735 3882 765 3932 in
779 3881 888 3951 pignore
901 3878 1002 3932 cautior
1054 3903 1140 3938 moras
1153 3895 1277 3948 necteret,
1290 3900 1338 3938 neo
1349 3885 1505 3937 alterutrum
1518 3885 1615 3954 eligere
1629 3887 1716 3950 vellet,
1729 3896 1817 3957 potest

235 3965 402 4030 deliberatio,
422 3981 500 4034 quarn
520 3965 548 4016 in
569 3963 677 4018 datione
694 3963 723 4014 in
742 3965 867 4029 solutum,
882 3963 1002 4017 rideatur
1053 3969 1165 4039 Emptos
1175 3968 1263 4039 ipsum
1275 3985 1374 4037 eogere,
1393 3978 1431 4032 ut,
1450 3987 1501 4038 qua
1520 3970 1559 4022 ria
1578 3971 1618 4020 uti
1636 3970 1711 4035 velit,
1729 3987 1817 4023 secum

238 4050 349 4118 requiri,
363 4049 447 4118 Aymo
458 4049 580 4102 craretta
603 4051 678 4101 Tum.
700 4061 724 4100 ι.
742 4049 848 4102 consil.
862 4059 922 4100 ιιι.
935 4066 962 4099 n.
977 4059 1001 4098 ι.
1053 4053 1185 4106 eastituat.
1202 4054 1234 4104 L.
1250 4062 1273 4101 4.
1286 4049 1309 4122 5.
1323 4053 1475 4122 Eleganter
1489 4051 1556 4121 ²·ff
1569 4052 1596 4104 d.
1610 4054 1642 4107 0,
1654 4071 1753 4106 comm,
1771 4058 1816 4108 ιη.

234 4153 307 4206 seqq·
319 4133 354 4186 Et
365 4133 472 4204 quidem
491 4131 559 4186 haud
577 4132 701 4202 exiguum
720 4131 844 4203 ponderis
861 4132 911 4184 sub
922 4149 950 4184 se
962 4132 1000 4184 ri·
1053 4146 1141 4190 nostra
1155 4140 1187 4190 L.
1203 4136 1351 4190 AEmiiins
1364 4137 1437 4206 lapso
1449 4138 1565 4189 termino
1579 4137 1694 4208 pretium
1710 4139 1818 4208 pertita

237 4219 333 4274 dmtor
345 4218 440 4272 habere
457 4218 582 4286 allegatae
593 4219 718 4282 rationes,
736 4225 767 4269 nt
783 4215 965 4269 extensionem
976 4217 1001 4268 d.

237 4309 269 4361 L
278 4302 337 4374 fin.
356 4302 390 4360 dr
404 4312 475 4372 poet.
493 4303 600 4372 pigner.
620 4301 644 4354 si
664 4319 716 4354 noo
728 4317 830 4370 urgere,
841 4302 949 4354 suadere
963 4311 1001 4354 ta·

238 4407 300 4442 meo
311 4397 428 4460 possent
442 4384 654 4440 Praenotandnrn
667 4395 762 4449 tamen,
775 4386 808 4437 de
820 4385 869 4439 hoe
882 4403 934 4438 nou
945 4403 1001 4440 nro·

237 4475 295 4527 reri
308 4471 501 4543 quaestionem:
524 4469 555 4522 Si
573 4469 677 4522 debitor
691 4467 825 4523 Creditori
844 4469 889 4522 det
906 4469 1002 4540 pignus

240 4559 290 4610 hac
306 4555 468 4618 conditione,
487 4554 509 4606 si
529 4553 606 4606 intra
621 4549 763 4606 definitum
783 4554 928 4608 terminum
946 4571 1000 4607 noo

239 4643 339 4694 solvero
353 4639 494 4709 pecarniam
514 4646 604 4690 mutuo
623 4649 764 4708 acceptam,
779 4637 827 4690 hoo
837 4638 934 4708 pignus
952 4655 1001 4708 pro

240 4724 331 4776 debito
350 4723 476 4784 retineas,
496 4730 629 4791 tamquam
648 4722 737 4774 datum
757 4723 785 4774 in
803 4721 928 4774 solutum.
945 4723 1002 4776 ttuc

238 4807 310 4860 enim
323 4814 414 4860 osntra
427 4803 453 4856 d,
467 4805 559 4876 Ljin·
573 4823 640 4870 esse,
654 4817 726 4860 caret
744 4807 930 4869 controversia,
943 4823 1001 4858 oum

239 4907 328 4944 revera
340 4889 411 4942 nihil
422 4887 493 4942 alind
506 4893 552 4953 sit,
562 4908 640 4960 quam
653 4892 749 4962 pignus
768 4891 816 4942 sub
836 4899 911 4958 poeto
923 4889 1002 4942 Com-

241 4976 365 5028 missorio
376 4975 533 5042 obligatum,
546 4983 572 5026 et
581 4976 705 5028 obtinent
724 4976 767 5026 hic
786 4977 902 5028 rationes
913 4976 1004 5047 prohi-

1053 4221 1160 4294 pnpilta,
1179 4220 1426 4274 denunciationihns
1444 4221 1588 4276 Tutoribns
1605 4223 1662 4289 ejas
1682 4239 1758 4291 saepe
1771 4223 1817 4276 da-

1052 4307 1101 4368 nn
1114 4306 1219 4360 ridetur
1229 4305 1316 4373 itaque
1324 4303 1442 4357 variatio
1453 4304 1507 4374 ipsi
1516 4319 1573 4358 esse
1585 4304 1720 4376 adempta;
1730 4315 1758 4375 ut
1770 4323 1817 4375 per

1052 4409 1212 4462 consequens
1222 4390 1297 4444 Pauli
1305 4391 1373 4442 ratio
1384 4389 1480 4441 exinde
1492 4389 1716 4459 desumpta,male
1729 4391 1817 4459 negle-

1051 4488 1092 4530 ota
1104 4477 1222 4530 rideatur
1234 4475 1266 4526 ab
1280 4473 1448 4545 imperatore.
1468 4473 1520 4527 sat
1539 4473 1639 4543 duplici
1659 4473 1736 4524 modo
1751 4473 1814 4526 haec

1052 4561 1151 4614 Potitio
1163 4575 1221 4612 enm
1234 4557 1329 4610 effectu
1346 4555 1467 4627 procedit
1478 4554 1529 4624 (ι).
1541 4556 1591 4608 Vel
1601 4555 1812 4622 extrajudiciali-

1053 4657 1102 4709 ter,
1114 4645 1152 4697 ita
1164 4653 1261 4706 nmen,
1272 4649 1302 4694 nt
1313 4651 1415 4711 partem
1426 4637 1509 4710 pretii
1528 4647 1588 4709 post
1606 4639 1707 4708 lapsum
1721 4640 1816 4693 tenni·

1053 4747 1117 4782 num
1140 4727 1271 4797 receperit
1295 4725 1326 4776 l.
1351 4739 1375 4778 s·
1397 4723 1420 4796 5.
1432 4722 1491 4795 fin.
1501 4721 1542 4792 ff.
1561 4721 1594 4776 de
1612 4723 1646 4777 C·
1673 4723 1814 4778 commiss.

1054 4815 1129 4874 item,
1141 4812 1163 4863 si
1177 4827 1266 4864 usuras
1286 4808 1367 4880 pretii
1388 4807 1513 4878 exegerit,
1531 4809 1574 4861 rel
1590 4806 1691 4860 oblatas
1704 4825 1758 4862 non
1772 4827 1814 4863 re·

1053 4896 1183 4950 onurerit
1192 4899 1225 4950 L.
1238 4906 1261 4946 4.
1272 4896 1304 4952 C.
1318 4895 1351 4947 de
1361 4904 1431 4964 poet.
1444 4893 1517 4946 inter
1523 4893 1615 4960 Ειιψι.
1627 4891 1660 4943 D.
1669 4890 1815 4945 Broonem.

1053 4999 1150 5035 coctam.
1161 4980 1221 5051 cod.
1235 4977 1273 5032 ad
1283 4978 1309 5032 ἀ
1321 4980 1353 5031 1,
1367 4978 1442 5031 zoes.
1454 4973 1595 5044 eommſj·
1608 4973 1641 5030 de
1652 4977 1710 5046 lege
1719 4994 1816 5029 comm.

239 5060 329 5114 bandi.
341 5059 393 5114 Sed
407 5059 439 5110 de
452 5059 502 5111 hoc
514 5075 576 5112 casn
589 5059 616 5110 in
630 5061 840 5129 praesentiarum
858 5063 1004 5130 quaeritur,
1054 5084 1082 5117 n.
1104 5077 1144 5116 to.
1163 5063 1215 5132 (ι).
1235 5064 1284 5115 Vet
1303 5061 1473 5131 judicialiter.
1500 5063 1531 5113 tn
1556 5061 1582 5112 d.
1607 5062 1640 5113 L.
1668 5061 1817 5116 AEmiiins

240 5147 264 5197 si
275 5147 313 5197 ita
323 5145 488 5197 convenerit:
508 5143 563 5212 Ego
580 5143 684 5196 debitor
698 5143 813 5214 spondeo
830 5143 894 5196 Tibi
913 5145 1003 5200 Credi·
1056 5147 1265 5217 extrajndicialis
1279 5147 1331 5200 run
1344 5145 1450 5216 petitio,
1464 5146 1509 5199 aed
1522 5145 1554 5198 de
1567 5145 1653 5215 pretio
1665 5143 1736 5196 nihil
1746 5161 1818 5198 acoe-

240 5231 302 5292 tori,
314 5231 392 5300 qand,
404 5230 427 5282 si
441 5230 512 5280 intra
526 5239 580 5280 tres
590 5245 672 5282 aonios
686 5247 738 5282 non
752 5231 860 5294 solvero,
872 5229 921 5284 hoc
933 5249 1006 5302 prae·
1053 5236 1105 5307 pit,
1117 5231 1227 5302 ideoque
1239 5233 1289 5284 hoc
1299 5230 1394 5286 erecto
1412 5248 1465 5284 non
1483 5228 1587 5298 gaudet,
1599 5239 1629 5282 nt
1640 5229 1728 5299 possit
1744 5230 1816 5282 arbi·

241 5315 314 5368 dium
327 5315 377 5368 tibi
399 5313 500 5368 tradam
519 5317 588 5382 justo
608 5315 693 5384 pretio
711 5313 741 5366 in
760 5317 1005 5380 solntntn,anlraeo
1056 5317 1101 5370 trii
1125 5315 1282 5370 Venditoris
1309 5315 1471 5382 restringere
1494 5314 1654 5365 libertatern.
1676 5311 1818 5366 iudicialis

235 5401 327 5478 partio
336 5397 429 5452 licita?
442 5399 510 5468 qnod
520 5393 719 5468 affirmandum,
731 5401 766 5455 ob
778 5398 908 5456 delectum
923 5406 1002 5458 ratio·
1056 5402 1129 5457 enim
1147 5401 1176 5453 id
1196 5398 1377 5454 tantummodo
1393 5409 1533 5470 operatur,
1550 5415 1615 5470 qaae
1634 5415 1681 5470 per
1700 5396 1819 5466 verbum,
