4478 6350
935 522 1129 583 msstt'rt'r.
1148 526 1184 582 ll·
1204 526 1346 586 Poslrto
1365 531 1400 587 li.

967 709 1291 783 POSITIO
1336 717 1382 786 Π.

834 888 893 957 De
909 893 1016 958 variis
1041 888 1286 960 Incendiorum
1309 892 1504 980 generibus.

380 1107 481 1178 pari,
515 1119 594 1176 sunt
629 1107 867 1176 Incendiorum
897 1132 1035 1199 gouera3
1068 1107 1232 1198 quaedam
1265 1113 1354 1179 enirn
1387 1111 1462 1182 dolo
1484 1115 1702 1210 contingunt,
1726 1123 1818 1191 unde
1841 1127 1964 1200 dolosa

428 1199 599 1268 dicuntur:
609 1198 773 1294 quaedam
798 1200 912 1291 culpa,
938 1198 1027 1267 uode
1052 1199 1219 1292 calposo3
1241 1204 1409 1295 quaedam
1432 1231 1511 1276 vero
1535 1235 1632 1295 casu,
1650 1224 1684 1278 et
1707 1212 1861 1306 fortuito,
1875 1222 1964 1292 unde

428 1291 596 1360 casualia
618 1307 649 1356 et
665 1293 828 1378 fortuito.

571 1521 594 1572 S
616 1519 645 1572 U
658 1518 695 1573 d!
707 1520 744 1572 d!
758 1519 787 1570 A
806 1520 832 1572 tt
849 1518 913 1572 1A
1202 1522 1357 1592 expeditam
1377 1525 1406 1577 in
1424 1527 1490 1581 iure
1507 1537 1535 1581 et
1559 1531 1738 1602 interpretum
1764 1538 1888 1611 scriptis,
1906 1561 1967 1616 pm-

1201 1615 1262 1677 pter
1281 1608 1365 1662 sarias
1384 1619 1412 1662 et
1435 1610 1618 1682 discrepantes
1645 1621 1800 1674 eorumdem
1826 1624 1968 1696 opiniones

387 1685 550 1764 Difficultas
566 1687 711 1742 decidendi
726 1687 799 1742 circa
817 1687 889 1740 hanc
908 1685 1067 1750 materiam,
1089 1699 1153 1756 psa·
1201 1689 1297 1743 habeat
1314 1691 1492 1747 decisionem:
1513 1696 1625 1750 interim
1644 1703 1746 1773 species
1764 1705 1859 1760 hornan
1873 1707 1967 1764 Incen-

422 1784 487 1842 pser
502 1783 561 1827 som
579 1773 658 1828 ouria
676 1772 866 1827 incendiorum
883 1787 994 1841 genera.
1012 1790 1042 1823 n·
1063 1781 1086 1822 1.
1202 1772 1308 1830 diorum
1328 1775 1442 1831 breviter
1462 1798 1658 1850 percurremus.

386 1859 551 1916 Incendium
569 1859 634 1912 dolo
653 1870 778 1913 exortum
798 1857 999 1929 quodnam?n.
1021 1865 1046 1906 2.
1240 1859 1394 1913 incendium
1413 1862 1478 1916 dolo
1496 1877 1622 1920 exorsum
1640 1877 1697 1934 est,
1722 1871 1793 1939 quod
1818 1873 1966 1930 deliberato
2004 1888 2017 1929 x

389 1947 526 1998 Auctorcs
544 1943 625 2014 liujus
642 1942 775 2006 incendii,
795 1958 940 2013 eorumque
955 1959 1047 2010 poena
1074 1958 1102 1993 ιι.
1123 1951 1147 1994 s.
1203 1943 1306 2006 animo,
1327 1946 1386 2001 dats
1405 1967 1499 2019 opem,
1518 1952 1559 2004 rel
1579 1953 1711 2006 malitiose
1728 1975 1742 2006 a
1760 1958 1878 2023 sciente,
1905 1978 1967 2032 pra·

388 2031 490 2085 Poena
520 2027 600 2083 Jaris
631 2025 791 2092 daconici,
819 2035 846 2080 et
886 2023 997 2078 Ordin:
1028 2025 1155 2081 Carolin.
1203 2025 1340 2110 denteque!
1352 2031 1522 2088 immittitur.
1532 2036 1667 2090 Dolosnm
1685 2037 1735 2090 lroc
1749 2043 1970 2110 vocaturadolo,

424 2133 453 2166 ιι.
473 2121 498 2165 1.
1202 2111 1248 2180 qui
1265 2106 1382 2183 speciem
1401 2115 1469 2169 hanc
1487 2119 1644 2171 constituit:
1664 2121 1762 2174 Dolum
1779 2140 1841 2177 sero
1859 2126 1969 2194 qnidam

390 2201 530 2269 inpoena
547 2192 727 2249 incendiariis
743 2191 895 2266 infligenda
914 2211 971 2245 non
986 2191 1154 2246 laborasse·
1202 2211 1299 2248 esoce
1317 2193 1366 2249 dios
1387 2198 1456 2266 ligo,
1480 2198 1640 2255 descendere
1659 2203 1766 2270 dicunt,
1784 2207 1855 2275 qnod
1881 2209 1969 2262 homi-

424 2300 479 2339 cus
502 2283 576 2338 ratio
588 2321 598 2351 ,
624 2279 825 2336 minorennisos
842 2288 934 2332 tamen
953 2295 1015 2332 eam
1040 2276 1154 2350 mitigas·
1201 2281 1341 2350 nesqnasi
1359 2299 1391 2334 eo
1411 2283 1543 2352 ligentur,
1561 2285 1676 2340 undeet
1695 2289 1756 2342 dolo
1775 2292 1880 2363 decepti
1906 2295 1966 2348 illa·

425 2388 454 2424 ιι,
473 2380 497 2420 s.
1202 2365 1294 2433 quenti
1320 2365 1460 2431 dicuntum
1491 2369 1548 2422 Atii
1573 2380 1619 2439 ut,
1638 2373 1749 2427 Reicer.
1767 2375 1853 2430 Neuh.
1872 2379 1901 2431 in
1919 2386 1972 2450 sy.

391 2454 420 2507 A
435 2467 527 2520 poena
546 2445 706 2512 ordinaria,
725 2443 797 2516 ignis
820 2444 966 2510 nimirum,
993 2444 1103 2499 Nobiles
1125 2445 1154 2498 ia
1204 2447 1286 2516 nnpsi
1298 2451 1491 2519 Etymnlogica
1507 2473 1521 2506 a
1540 2455 1627 2524 prisco
1645 2457 1683 2509 th.
1701 2453 1782 2514 dilen
1812 2461 1839 2513 h.
1869 2480 1891 2516 e.
1922 2459 1968 2517 ds·

425 2531 541 2586 crimine
560 2527 683 2583 incendii
698 2547 757 2582 non
776 2525 863 2580 eximi
878 2528 955 2581 docet
974 2527 1156 2598 carpeneta.-
1202 2529 1302 2604 unguo
1321 2535 1395 2602 qnasi
1415 2531 1518 2589 tettan
1535 2537 1657 2611 deperisse
1678 2555 1876 2617 assumptore,
1902 2547 1973 2615 quod

426 2633 503 2671 secus
523 2633 557 2670 ac
574 2613 603 2665 J.
623 2613 716 2668 Civili.
735 2631 763 2666 ιι.
779 2625 803 2664 t·
1204 2631 1240 2668 sc.
1259 2614 1455 2672 blandimentis
1478 2622 1671 2692 decipientium
1691 2625 1795 2681 irretiri
1810 2631 1921 2690 soleante
1934 2633 1975 2682 sel

390 2705 438 2758 An
461 2717 525 2756 reus
550 2697 670 2754 incendii
690 2695 803 2750 veniam
827 2705 943 2764 peleos,
967 2693 994 2746 si
1022 2691 1156 2748 damnans
1204 2719 1220 2752 a
1239 2697 1354 2754 dolando
1369 2701 1388 2754 i.
1401 2721 1423 2756 e.
1443 2704 1637 2770 diminuendo,
1655 2709 1725 2776 quod
1743 2714 1818 2781 qnasi
1837 2712 1973 2766 diminua-

427 2785 559 2844 resarcire
577 2781 655 2848 sciit,
673 2792 701 2834 et
719 2782 755 2834 ad
773 2779 971 2834 restitutionem
983 2795 1013 2830 se
1031 2773 1156 2847 «efferat,
1205 2793 1264 2850 tur,
1282 2795 1311 2840 ει
1327 2795 1459 2842 mmm,-
1477 2789 1586 2844 forum,
1605 2790 1719 2863 decepti,

427 2873 536 2928 veniam
561 2867 662 2923 mereri
682 2876 785 2936 potest,
812 2873 837 2916 es
861 2864 914 2915 doc
938 2861 1019 2915 modo
1039 2879 1058 2914 a
1082 2859 1156 2914 lisia
1241 2869 1369 2924 ductores
1386 2869 1465 2940 hujus
1484 2871 1605 2926 incendii
1625 2875 1786 2928 incendiarii
1805 2889 1887 2944 sunt,
1903 2881 1974 2951 ipn·
2010 2893 2027 2935 s

424 2975 516 3030 pom
542 2950 676 3007 liberari?
701 2950 767 3018 Neg-
785 2948 820 3000 οὖ
840 2947 910 3000 dnos
926 2947 1057 3000 rationes·
1071 2965 1100 2999 n·
1113 2955 1139 2998 ⁷·
1204 2953 1260 3008 leio
1277 2971 1339 3008 sero
1359 2953 1510 3010 incensores
1534 2967 1677 3026 nocentur,
1695 2959 1741 3030 qui
1755 2961 1819 3014 dolo
1833 2972 1860 3015 et
1873 2961 1974 3018 dauo-

390 3039 553 3099 Incendium
577 3035 702 3090 dolosum
722 3049 842 3100 poenam
867 3041 997 3096 meretur,
1029 3032 1158 3105 quamvis
1204 3052 1269 3106 pere
1287 3036 1401 3091 aliorum
1421 3038 1499 3092 aedes
1516 3041 1680 3107 accendunt,
1695 3041 1857 3098 Germanice
1876 3063 1972 3100 vocen-

427 3123 586 3196 effectnsuo
600 3113 753 3184 consuerit
765 3115 890 3182 potitum·
905 3135 933 3168 n·
949 3126 975 3166 ⁸·
1205 3128 1250 3173 tur
1269 3119 1400 3175 Brenner
1414 3122 1481 3175 item
1501 3122 1740 3191 Mord-Brenner,
1751 3126 1850 3197 quibus
1870 3130 1975 3184 diversa

392 3213 477 3266 certa
495 3217 521 3260 et
538 3201 675 3276 generalis
693 3199 786 3267 regula
801 3199 873 3267 iuris
890 3210 942 3263 ess,
961 3201 990 3252 in
1011 3199 1156 3256 atrociori·
1206 3203 1324 3258 dictatur
1341 3223 1445 3276 poena,
1464 3207 1570 3260 ratione
1588 3208 1661 3275 loci,
1685 3209 1716 3261 in
1739 3203 1794 3280 quo
1818 3211 1976 3270 incendium

427 3293 477 3346 bus
489 3288 649 3344 criminibus
661 3285 830 3338 volunlatem
850 3292 876 3337 et
887 3295 1017 3338 conatum
1028 3302 1080 3354 pro
1092 3286 1156 3345 deli·
1203 3289 1319 3352 socinum
1336 3291 1360 3344 si
1378 3291 1407 3343 in
1426 3290 1542 3344 Civitate
1558 3291 1672 3355 iaciunt,
1687 3302 1714 3345 et
1726 3292 1855 3348 iacientes
1879 3295 1971 3350 hnmi-

425 3385 468 3430 cto
488 3373 590 3446 puniri·
611 3390 639 3424 n·
658 3382 683 3424 9.
1204 3373 1272 3428 tiore
1297 3375 1354 3427 loon
1378 3384 1456 3439 sunt,
1479 3373 1576 3428 bestiis
1605 3374 1793 3444 objiciuntnrt
1812 3387 1858 3431 sut
1874 3379 1978 3446 uincti,

394 3456 567 3531 (inaceriam
582 3457 618 3510 ad
628 3453 755 3508 incendia
769 3450 928 3523 applicatam
945 3473 972 3507 ιι.
988 3465 1029 3508 to·
1204 3468 1232 3512 et
1249 3457 1378 3513 verberati
1398 3459 1461 3528 igne
1478 3467 1609 3513 necantur
1619 3481 1627 3524 ς
1648 3459 1672 3512 si
1688 3478 1750 3514 aero
1768 3461 1798 3512 in
1816 3463 1899 3531 gradu
1923 3465 1973 3517 oli-

391 3543 610 3613 ·1i:cemplum.n.
624 3551 666 3592 11.
1203 3561 1255 3613 qno
1271 3541 1422 3606 constituti,
1443 3543 1527 3614 sepite
1546 3543 1713 3614 puniuntur,
1727 3555 1774 3600 aut
1791 3555 1863 3600 certe
1880 3547 1911 3600 in
1930 3549 1976 3600 ln-

391 3624 578 3684 Consentians
601 3623 673 3678 sen·
688 3619 829 3685 moderni,
848 3617 1002 3692 inserqnos
1016 3623 1154 3692 Caroeam
1205 3627 1288 3680 sutem
1309 3627 1502 3697 deportantur,
1523 3627 1564 3680 nti
1585 3645 1709 3699 expresse
1727 3629 1840 3684 habetur
1857 3632 1887 3684 in
1906 3632 1934 3684 in
1955 3633 1975 3684 l.

428 3729 457 3763 ιι.
478 3719 518 3760 11.
1193 3711 1253 3784 fin.
1279 3708 1303 3783 fi.
1331 3722 1353 3762 1.
1379 3721 1406 3763 et
1432 3711 1451 3762 l.
1473 3709 1553 3783 μβ
1571 3712 1605 3767 de
1626 3713 1731 3766 incend.
1750 3715 1823 3770 rain.
1842 3713 1976 3788 naufrag-

396 3795 468 3864 Ejas
480 3790 622 3849 restrictio.
634 3807 662 3842 ιι.
678 3799 718 3842 ts.
1204 3807 1253 3849 esc.
1270 3794 1317 3867 qni
1335 3810 1397 3848 sero
1414 3803 1489 3848 extra
1506 3795 1637 3866 oppidum
1657 3798 1709 3850 tale
1725 3797 1789 3869 qnid
1808 3807 1972 3869 patrarunt,

394 3877 541 3936 Limilotia
560 3875 703 3932 Auctoris.
720 3893 748 3927 n.
769 3885 809 3928 tt.
1203 3888 1268 3950 puta
1285 3879 1309 3932 si
1329 3895 1436 3943 casnm,
1454 3887 1502 3932 aut
1525 3878 1615 3932 sillem
1640 3880 1756 3951 aliquam
1781 3883 1975 3948 incenderint,

392 3965 572 4034 culpaque
584 3960 738 4016 incendium
740 3957 797 4030 Jis,
811 3971 851 4013 ess
864 3959 905 4013 sel
916 3960 991 4028 lata,
1009 3962 1051 4018 rel
1069 3962 1157 4029 Ievis,
1202 3963 1339 4032 eliquanto
1363 3962 1453 4015 lenius
1478 3963 1631 4034 puniuntor
1654 3962 1674 4015 l.
1700 3975 1743 4016 11.
1774 3963 1797 4036 5.
1827 3976 1867 4019 ts.
1877 3964 1920 4034 ff.
1938 3967 1974 4022 de

427 4051 468 4102 vel
477 4047 620 4102 levissimo.
632 4067 660 4101 ιι.
677 4059 716 4100 ts.
1201 4065 1287 4119 poen.
1299 4043 1462 4116 conseratur
1473 4045 1587 4116 magnit.
1607 4047 1660 4101 Du.
1679 4047 1713 4100 D.
1726 4047 1927 4102 Brunnernnnn·
1942 4051 1972 4105 ιἰι

391 4131 562 4203 Differentio
574 4142 600 4188 et
611 4129 752 4201 descriptio
766 4129 865 4184 domas
882 4131 977 4201 eutpoe
994 4132 1154 4203 specierum.
1204 4129 1523 4202 ceperit-Wesenb.1ii.
1544 4129 1643 4184 insit
1671 4143 1696 4183 s.
1720 4143 1823 4204 quaest.
1852 4145 1876 4187 t.
1905 4135 1972 4189 lieet

428 4236 456 4269 ιι.
473 4230 514 4270 ss.
723 4215 735 4226 “’
1203 4216 1267 4268 haec
1286 4213 1431 4266 distinctio
1449 4214 1533 4283 qnnad
1552 4231 1664 4286 poenmn
1686 4215 1864 4286 infligendam
1890 4217 1971 4273 hodie

392 4303 490 4358 Cessas
499 4299 653 4372 rigorosnm
664 4297 737 4372 ignis
746 4297 907 4370 supplicium
922 4299 950 4354 in
963 4299 1154 4356 incendisset·
1203 4317 1257 4354 nou
1270 4299 1385 4370 amplius
1401 4299 1563 4352 attendatur.
1576 4298 1702 4372 Carpeos·
1723 4303 1820 4356 Praes.
1844 4303 1927 4360 Crim.
1947 4323 1973 4376 q.

425 4401 543 4454 posan-
568 4394 607 4435 17.
1205 4398 1247 4440 ss.
1268 4403 1296 4437 ιι.
1318 4395 1360 4437 st.
1376 4399 1435 4454 seq.

389 4473 425 4524 Ῑιι
438 4485 505 4524 cosa
516 4465 638 4523 incendii
646 4465 754 4537 culpari
760 4467 807 4520 sia
818 4475 921 4522 ιιιιιιιιι
932 4467 1093 4539 supplicium
1103 4471 1150 4527 de·
1238 4465 1604 4525 JureSaxoniooseterir-ots
1618 4463 1969 4543 &eutonconierutpeca-
2008 4481 2023 4522 s

414 4551 505 4624 finiri
516 4561 615 4625 potest·
628 4571 656 4605 ιι.
673 4564 713 4606 11.
1201 4553 1257 4610 ium
1265 4549 1554 4608 Sonamliiraaslic.
1564 4559 1637 4602 tan.
1648 4551 1726 4604 nubi
1735 4551 1773 4606 ita
1785 4551 1965 4623 dispositum.

388 4639 490 4691 Poena
509 4633 630 4692 incendii
640 4633 744 4707 culpari
754 4625 911 4689 arbitrario.
922 4655 951 4690 ιι.
974 4647 1013 4690 ts.
1202 4640 1268 4693 ,stte
1281 4635 1416 4703 Moerder,
1437 4637 1495 4694 und
1505 4635 1549 4688 die
1563 4633 1616 4689 des
1628 4635 1716 4706 leag
1727 4635 1865 4692 bersaben
1875 4673 1885 4704 ,
1907 4638 1975 4691 oder

392 4721 489 4776 sadec
510 4730 603 4774 tomen
628 4721 701 4774 altra
724 4736 843 4787 poenam
856 4716 1055 4791 fastigationis
1074 4721 1148 4776 ardi-
1202 4723 1324 4790 maen,
1340 4723 1410 4778 oder
1423 4720 1552 4788 K‘rrciten,
1565 4719 1828 4791 aderliirclsitoeffi,
1842 4719 1902 4775 ond
1912 4723 1974 4776 dlo·

423 4805 505 4857 trium
534 4820 612 4857 sanos
632 4802 776 4857 extendere
793 4803 893 4875 nequis.
912 4821 941 4856 ιι.
956 4814 997 4859 ιο.
1202 4806 1355 4861 ιιὶὸνιιιιιιι
1365 4817 1414 4860 esc.
1426 4815 1475 4860 etc·
1489 4804 1533 4859 die
1543 4803 1600 4858 soll
1610 4821 1675 4856 mon
1691 4805 1746 4858 alie
1762 4804 1969 4860 liadebreclsen.

1201 4899 1228 4942 et
1245 4890 1382 4946 carolina
1401 4887 1550 4945 Criminali
1572 4897 1600 4943 et
1623 4885 1830 4944 Constitutione
1855 4889 1967 4944 Electo-

1201 4973 1257 5026 rali
1268 4971 1411 5027 saxonica
1425 4973 1513 5040 ignis,
1527 4983 1553 5026 et
1562 4969 1732 5024 flammarum
1745 4973 1879 5044 supplicio
1886 5011 1895 5040 ,
1911 4973 1972 5026 sine

353 5073 363 5116 ι
451 5056 507 5108 arie
524 5053 588 5109 haee
611 5052 798 5110 incendiorum
825 5070 921 5126 genera
944 5051 1088 5122 efficiunt,
1120 5067 1151 5112 nt
1199 5055 1256 5109 ullo
1274 5071 1465 5126 personarum,
1483 5057 1633 5110 lnnomrnve
1657 5067 1778 5127 respectu
1801 5053 1971 5111 efficiuntur.

388 5137 511 5208 quamvis
527 5133 637 5190 materie
655 5137 718 5190 haec
738 5137 769 5191 in
788 5139 988 5193 commentariis
1017 5139 1151 5210 interpre·
1204 5139 1331 5194 Ordines.
1357 5139 1484 5194 Carolin.
1510 5149 1565 5196 ast.
1586 5151 1644 5194 tas.
1663 5141 1761 5196 Consi.
1784 5140 1906 5197 Elector.
1931 5153 1972 5194 rt.

390 5231 448 5275 snm
467 5220 553 5274 solide
569 5230 597 5275 et
613 5223 696 5294 plane
712 5229 823 5276 tractata
842 5220 901 5288 sit,
921 5231 947 5276 et
960 5238 1086 5289 excussa,
1099 5239 1152 5278 sae·
1197 5233 1271 5293 pars.
1291 5233 1316 5274 ι.

393 5303 506 5376 pissime
525 5315 612 5358 tamen
631 5322 705 5360 casus
722 5305 841 5372 eveniat,
860 5306 906 5376 qui
925 5325 979 5361 non
997 5307 1151 5380 permn1dn-
1235 5305 1396 5360 Rectissime
1427 5309 1527 5365 exinde
1551 5309 1647 5364 inierri
1670 5309 1764 5364 statuit
1780 5307 1878 5380 Carpe.
1898 5318 1971 5378 pars.
2008 5319 2023 5362 ι

391 5386 447 5456 bii,
472 5398 499 5442 et
522 5384 692 5444 difficultatis
717 5407 765 5445 nec
789 5407 870 5461 usqne
893 5387 958 5444 adeo
981 5400 1098 5460 certam,
1124 5400 1152 5445 et
1204 5402 1228 5443 s.
1245 5401 1333 5446 consa
1358 5403 1397 5446 11.
1415 5393 1505 5465 defin.
1526 5406 1549 5450 1.
1568 5413 1587 5448 ιι
1617 5393 1842 5450 cinomannos
1861 5393 1972 5470 indiile-¹
