4476 6350
437 469 489 543 119
933 465 1133 543 'bisetium
1152 469 1201 523 tx.
1219 467 1336 525 citer
1354 473 1389 526 V·
1833 467 1884 534 din
1909 467 1912 472 ’

364 572 398 622 l.
423 577 460 620 to.
471 562 513 634 ff.
532 565 564 620 12
583 569 616 622 li.
643 565 662 620 1
692 561 797 619 11212212
820 583 923 638 quoqne
947 565 1080 620 industria
1105 575 1133 619 22
1186 566 1232 618 112.
1251 567 1320 638 quod
1338 578 1367 623 et
1379 565 1569 638 aequissimum
1581 573 1687 630 est‚ne
1699 562 1748 620 sub
1761 562 1871 622 nomine
1884 565 1952 620 22212-

365 663 474 706 euentus
493 651 590 706 melior
608 649 687 704 debet
700 651 828 721 imputari
842 652 985 717 creditori,
1000 661 1133 722 tamquam
1184 653 1343 707 bastetionis
1362 653 1482 726 publicae
1506 655 1578 706 locus
1604 652 1770 722 relinquatur
1794 650 1952 718 fraudibus,

365 737 476 790 donnino
494 753 542 808 per
556 736 690 789 dationem
705 735 734 786 in
748 737 862 790 solutum
879 737 961 802 iacto,
979 737 1050 790 sicut
1060 745 1134 806 pust·
1186 757 1216 792 ac
1237 738 1355 793 malitiae
1381 740 1557 802 licitatornm,
1577 747 1607 790 ut
1624 737 1839 810 possessionibus
1864 738 1954 793 viliori

366 821 475 875 modum
494 821 625 880 1122222222
644 837 697 874 non
717 828 804 872 nutem
824 819 956 883 debitori,
967 822 1013 892 qui
1031 831 1135 893 postea·
1186 823 1275 894 pretio
1294 822 1448 888 distractis,
1466 823 1527 892 plus
1540 831 1648 876 erector
1659 837 1692 875 ex
1705 821 1805 887 gretia,
1817 839 1895 890 quam
1910 823 1956 876 de.

365 925 444 978 qnam
462 921 519 960 22222
539 905 567 957 iu
587 905 702 959 solutum
720 902 810 970 dedit,
832 905 903 958 nihil
920 907 989 976 juris
1004 906 1076 959 12222
1095 923 1137 958 rc·
1186 907 1259 960 bitur
1277 923 1311 959 22
1327 905 1417 976 pretio
1430 913 1612 974 consequetur.
1623 906 1656 959 L.
1668 906 1700 957 d'i
1709 919 1778 975 quos
1792 902 1955 958 debitarum.

368 988 680 1046 2122212112.111112221.
701 989 817 1043 addice
851 1007 880 1059 p.
910 1001 934 1044 2.
958 1007 982 1044 2.
1003 1003 1027 1044 2.
1046 1010 1073 1043 22.
1095 1001 1136 1045 22.
1192 1001 1234 1044 22.
1258 991 1339 1046 ade
1358 993 1437 1046 Resc-
1459 988 1565 1044 Vendt't.
1585 989 1639 1042 Du.
1659 988 1762 1041 Beuum
1782 986 1822 1042 ad
1839 987 1857 1040 1.
1879 998 1903 1042 2.
1922 989 1956 1044 C·

298 1091 330 1132 2ο
367 1077 466 1130 1112221.
486 1073 627 1148 Stephani.
646 1076 797 1130 Commeat.
815 1075 934 1130 22211122.
956 1085 979 1128 2.
998 1095 1026 1129 22.
1047 1087 1088 1127 22.
1102 1074 1139 1128 Et
1187 1078 1213 1132 d.
1232 1085 1251 1130 t·
1269 1075 1332 1130 circ.
1352 1073 1422 1130 22221.
1439 1075 1535 1128 llloliu.
1552 1075 1579 1128 1.
1594 1075 1618 1126 Ι.
1632 1073 1694 1126 221.
1713 1075 1757 1124 Tr.
1773 1083 1796 1125 2.
1808 1070 1876 1140 disp.
1894 1082 1954 1124 222.

366 1162 418 1215 huc
435 1159 548 1231 quadret
568 1160 729 1230 rescriptum
751 1159 856 1230 elegans
882 1161 971 1232 impp.
989 1161 1020 1214 ’122
1039 1162 1073 1215 L.
1093 1171 1136 1212 22.
1190 1180 1218 1214 22.
1242 1171 1281 1214 22.
1303 1158 1511 1212 tenemento.
1531 1157 1591 1212 12.
1612 1159 1739 1212 6222222222.
1765 1175 1788 1210 c.
1816 1166 1860 1210 2ο.
1883 1169 1957 1208 22222.

371 1249 402 1300 C.
414 1243 617 1300 12221222122211.
629 1243 773 1299 2211122222.
785 1245 856 1316 quod
871 1246 1057 1304 12222121212
1074 1247 1138 1300 Cam
1190 1245 1289 1300 Altera
1306 1254 1346 1298 est
1361 1240 1567 1299 Controversia.
1587 1239 1665 1309 Quod
1682 1241 1741 1308 lure
1760 1240 1821 1292 Sex.
1846 1238 1956 1310 expedi-

365 1344 419 1400 pro
436 1327 568 1398 pecunia,
586 1344 669 1398 quam
688 1337 781 1382 mutuo
802 1345 948 1397 acceperas
967 1327 1099 1382 Evandro
1114 1336 1140 1380 te
1191 1338 1246 1382 tum
1264 1345 1322 1383 esse
1340 1327 1449 1392 2222212,
1462 1335 1489 1380 et
1500 1325 1663 1396 praeiudicio
1676 1319 1878 1379 confirmatDu.
1893 1322 1957 1376 Cer·

360 1409 489 1482 scendum
513 1408 620 1464 dedisse
640 1407 814 1481 profecerim
832 1412 889 1482 2122
913 1411 1076 1464 industriam
1094 1411 1142 1463 vei
1190 1429 1236 1483 pe.
1253 1414 1280 1466 d.
1302 1413 1392 1468 Canrt.
1413 1421 1456 1464 22.
1475 1408 1530 1478 21ςῇ
1560 1421 1600 1463 22.
1626 1407 1703 1461 ldem
1722 1425 1786 1478 ergo
1810 1407 1843 1460 de
1867 1413 1958 1460 nostro
1995 1411 2028 1458 22

370 1505 494 1549 eventum
513 1493 651 1548 meliorem
669 1493 734 1559 2111,
754 1512 812 1548 nan
831 1493 882 1566 ipsi
903 1495 1047 1565 prodesse,
1074 1513 1140 1547 can·
1190 1515 1251 1551 casu
1269 1495 1426 1560 dicendum,
1445 1495 1469 1548 21
1488 1493 1557 1546 lacte
1575 1492 1763 1547 aestimatione
1779 1511 1794 1544 2
1813 1491 1958 1561 indiceres

369 1577 488 1630 tretium
504 1577 774 1646 non-postulaturus,
785 1577 813 1632 21
824 1577 941 1633 minoris
954 1578 1138 1642 distraxisse,
1190 1581 1317 1634 creditori
1337 1599 1384 1651 pru
1404 1580 1489 1632 soluto
1505 1577 1762 1645 2111112222122212,
1776 1577 1957 1632 121122222222

371 1661 518 1731 2222212222
533 1659 609 1728 petis.
628 1660 669 1712 112
685 1679 738 1732 quo
759 1671 835 1716 textu
851 1672 943 1733 petet,
971 1661 994 1716 si
1022 1659 1140 1715 creditor
1190 1666 1219 1718 in
1239 1667 1284 1718 1112
1301 1663 1482 1720 aestimatione
1500 1665 1568 1716 ultre
1588 1661 1733 1716 dimidium
1747 1679 1775 1714 sc
1787 1661 1887 1716 laesum
1901 1677 1958 1716 esse

370 1763 426 1799 non
445 1745 525 1798 habet
542 1763 692 1814 regressum
717 1744 841 1800 adsersus
863 1746 1029 1808 debitorem,
1056 1747 1078 1798 si
1098 1761 1140 1798 res
1190 1751 1378 1821 persentiscat.
1396 1767 1459 1802 nam
1477 1757 1505 1802 et
1524 1749 1566 1802 hie
1585 1747 1658 1818 quasi
1674 1745 1779 1816 emptio
1795 1754 1838 1798 est
1853 1747 1885 1798 L.
1900 1745 1955 1798 eta·

371 1847 455 1903 presses
473 1847 502 1882 se
519 1831 693 1895 deteriorata,
711 1833 752 1885 221
770 1831 851 1886 uilius
865 1830 983 1894 sanctine
1003 1849 1051 1884 nec
1064 1829 1139 1883 debi-
1189 1829 1337 1906 ganterff.
1355 1833 1388 1887 12
1404 1832 1514 1902 pignor-
1526 1841 1578 1886 act.
1591 1839 1623 1882 222
1640 1831 1680 1885 212
1697 1831 1779 1884 etiem
1791 1827 1957 1890 remedium,

372 1927 415 1969 tor
434 1914 543 1968 1212112
561 1931 708 1982 regressum
728 1914 852 1968 2212222222
869 1915 1046 1978 creditorem,
1062 1914 1085 1966 si
1098 1933 1139 1986 pe·
1191 1936 1239 1988 pro
1257 1915 1395 1986 emptione
1413 1916 1447 1969 ob
1465 1916 1610 1970 laesionem
1627 1913 1817 1978 rescindenda,
1837 1915 1875 1967 212
1892 1930 1955 1966 cnu-

374 2017 422 2053 nes
442 2000 529 2068 ipsum
549 2015 591 2050 res
609 1998 651 2052 221
669 1999 822 2062 meliorata,
834 1999 882 2052 221
907 1999 994 2052 carius
1018 1999 1139 2060 2222211222
1191 2001 1345 2056 2212222122·-
1367 2001 1444 2070 Quad
1464 2001 1536 2054 idem
1554 2017 1658 2070 quoque
1677 1999 1822 2064 creditori,
1835 1999 1860 2051 21
1872 1997 1960 2050 111222

375 2083 508 2138 111222221.
528 2081 555 2135 d.
568 2083 586 2135 1.
598 2100 626 2134 22.
648 2093 688 2134 22.
707 2083 901 2152 oppositorum
912 2085 984 2138 euim
997 2082 1086 2136 eadem
1100 2092 1141 2138 est
1191 2089 1288 2140 12222222
1306 2085 1452 2138 enormiter
1466 2083 1630 2156 probaverit,
1642 2082 1855 2147 concedendum,
1867 2099 1901 2136 222
1912 2082 1954 2136 21-

374 2159 460 2233 ratio,
480 2176 508 2221 22
525 2184 577 2221 uon
597 2166 676 2220 debet
693 2166 788 2237 aliquis
807 2178 913 2237 petere,
935 2171 1009 2237 eujus
1034 2176 1141 2240 contre-y
1191 2169 1287 2224 delicet
1303 2170 1385 2224 actori
1403 2170 1497 2232 liceat,
1515 2167 1586 2240 quod
1605 2185 1649 2221 reo
1667 2167 1770 2222 licitum
1789 2185 1841 2220 non
1862 2176 1909 2220 222.
1927 2165 1957 2218 C.

375 2254 447 2307 rium
455 2267 509 2304 uon
519 2260 589 2304 esset
599 2251 779 2321 postulaturus
793 2253 915 2321 sequiore
927 2262 1029 2305 eventu.
1041 2251 1140 2305 lCtiss.
1191 2273 1247 2306 222222
1265 2254 1336 2306 lieet.
1357 2263 1399 2306 22.
1417 2250 1451 2304 de
1469 2255 1505 2306 tt.
1523 2254 1545 2305 Ι.
1566 2251 1595 2304 122
1619 2260 1673 2305 222.
1684 2251 1747 2303 1122.
1768 2249 1863 2322 Carps-
1880 2247 1961 2320 Asyl-

377 2339 432 2390 Dn.
451 2336 553 2389 lirunn.
569 2335 651 2390 cam.
672 2335 738 2390 eod.
757 2333 796 2390 ad
812 2337 839 2390 21.
853 2337 876 2389 i.
892 2347 934 2388 22.
948 2335 1072 2389 desolat.
1087 2335 1140 2387 112·
1190 2339 1250 2393 deb.
1269 2339 1305 2390 212.
1327 2347 1368 2390 to.
1389 2355 1419 2391 22.
1439 2345 1499 2388 222.

376 2424 416 2476 tio
434 2419 576 2474 dubitandi
588 2419 710 2490 superius
720 2421 798 2473 allata
809 2421 929 2491 exspirat
941 2418 1029 2482 facile,
1043 2411 1143 2490 quippe
1202 2419 1366 2474 'Caeterum
1386 2419 1449 2472 dnm
1467 2419 1590 2472 effectum
1609 2417 1726 2474 dationis
1746 2417 1775 2470 in
1794 2418 1950 2472 snl.restri·
1994 2419 2026 2466 21

372 2519 418 2558 tet
437 2505 583 2571 1212122112·
602 2503 845 2556 wimberti·
865 2502 969 2572 ἰῠᾶῐθθι
988 2501 1142 2570 etquidem
1189 2514 1262 2559 ctum
1281 2521 1339 2557 sese
1356 2503 1523 2566 dicebamus,
1542 2503 1565 2554 21
1584 2502 1653 2555 bona
1674 2519 1727 2556 uou
1754 2499 1909 2569 2211212222,
1933 2515 1961 2558 22

375 2593 450 2658 juxte
468 2588 595 2658 requisita
614 2589 684 2640 Nau.
705 2597 729 2638 2.
747 2605 808 2658 cap.
826 2589 952 2657 praeced.
972 2586 1142 2650 2212122212,221
1189 2593 1224 2644 122
1241 2589 1326 2660 quoad
1344 2588 1481 2644 residuum
1501 2587 1644 2657 obligatum
1665 2603 1774 2641 mettere
1791 2587 1958 2656 debitorem,

376 2679 416 2728 sic
436 2672 534 2742 injurie
554 2671 621 2724 122222
635 2669 753 2726 dclsitori
765 2689 817 2724 nou
831 2683 984 2734 censeatur,
997 2670 1042 2722 sed
1057 2669 1142 2738 potius
1191 2675 1312 2744 exemplo
1325 2671 1441 2727 cedentis
1454 2673 1547 2736 bonis;
1561 2670 1698 2724 suboritur
1714 2669 1838 2733 dubium,
1851 2673 1874 2724 21
1889 2685 1960 2743 post-

375 2759 465 2812 222212
486 2755 538 2808 2122
559 2764 764 2825 praesumuntur
781 2754 927 2818 celebrata,
946 2771 1038 2824 queen
1056 2749 1142 2820 judice
1193 2757 1300 2808 modum
1323 2757 1389 2808 daus
1408 2757 1437 2808 ln
1460 2757 1578 2808 solutum
1602 2753 1728 2807 idoneum
1752 2755 1959 2809 emolumentum

376 2850 434 2892 acta
454 2849 515 2892 sunt
532 2841 565 2895 C.
585 2839 676 2890 danae
695 2838 852 2892 merncriae.
874 2849 916 2890 22.
937 2843 958 2900 2.
979 2840 1080 2891 Parra.
1106 2837 1141 2888 Χ.
1192 2831 1364 2912 acquisierit,
1384 2839 1532 2908 iterumque
1549 2857 1562 2891 a
1582 2837 1714 2892 creditore
1726 2838 1960 2902 conueniatur‚en

375 2927 408 2977 de
428 2923 513 2976 Elect.
530 2924 621 2990 juncta
638 2921 659 2972 1.
675 2919 796 2976 dubium.
818 2936 841 2976 2.
860 2921 892 2976 C.
903 2921 936 2975 de
949 2921 1049 2990 Repud.
1063 2929 1090 2974 et
1095 2920 1141 2988 ja·
1193 2925 1353 2978 insolidum
1372 2923 1587 2978 condemnandus
1605 2923 1657 2989 sit,
1682 2939 1717 2976 au
1744 2938 1810 2974 sero
1828 2919 1960 2976 1222212122

375 3006 447 3062 dicio
467 3005 501 3058 de
519 2999 642 3060 maribus
658 3005 776 3059 22211222.
882 3031 885 3036 ·
1192 3009 1401 3078 competentiae,
1421 3009 1477 3063 2122
1496 3007 1524 3058 in
1543 3015 1668 3076 quantum
1695 3003 1781 3060 iacere
1804 3015 1907 3078 potest,
1932 3023 1960 3060 sc

299 3093 304 3102 ’
414 3091 468 3144 Sed
485 3089 551 3160 quid
569 3089 593 3142 si
609 3088 757 3142 enormiter
768 3091 854 3143 laesus
867 3089 903 3143 212
916 3089 1035 3153 debitor,
1053 3105 1140 3140 ennon
1195 3092 1261 3143 tueri
1282 3089 1383 3161 possiti
1401 3090 1500 3143 Notum
1519 3091 1585 3144 elias
1604 3096 1662 3152 est,
1682 3087 1712 3140 id
1738 3085 1899 3142 beneficium
1925 3105 1961 3142 ex

376 3190 440 3232 222222
453 3193 512 3228 2222
525 3175 640 3228 solutum
659 3173 748 3226 datam
763 3174 950 3244 repetere‚rel
962 3175 992 3226 in
1006 3172 1140 3228 residuum
1190 3175 1322 3244 aequitate
1341 3175 1538 3238 introductum,
1558 3173 1687 3228 accestis
1714 3181 1817 3225 tantum
1839 3176 1959 3245 personis

376 3264 509 3332 imputare
528 3257 629 3328 possit,
643 3257 771 3310 adhibito
790 3259 847 3311 scii.
867 3259 993 3314 remedio.
1011 3259 1029 3310 1.
1057 3270 1084 3309 2.
1107 3257 1139 3312 C.
1193 3275 1363 3321 concessum,
1383 3269 1412 3313 222
1432 3275 1484 3312 nou
1502 3257 1659 3312 insolidum
1673 3255 1959 3322 coudemueutur,sed

369 3347 409 3398 -12
421 3349 497 3398 Reae.
508 3341 664 3396 uendition-
678 3340 824 3394 Videbetur
837 3340 1059 3414 dicendum‚quod
1073 3357 1140 3404 stou,
1192 3341 1219 3393 in
1238 3351 1351 3404 tentum,
1371 3343 1400 3392 in
1418 3349 1546 3411 quantum
1566 3342 1637 3394 salso
1655 3350 1723 3396 222222
1741 3351 1767 3394 et
1776 3339 1906 3410 dignitate
1920 3343 1958 3396 12-

375 3430 410 3481 ob
430 3427 559 3479 rationem
571 3427 688 3495 jamjam
702 3423 854 3488 adductam,
870 3427 944 3496 qnod
958 3427 1063 3488 omnia,
1076 3445 1141 3494 quae
1193 3441 1251 3476 cere
1269 3433 1392 3494 possunt,
1415 3425 1434 3475 i.
1453 3443 1476 3478 e.
1496 3424 1655 3478 necessariis
1677 3424 1746 3478 sitae
1765 3423 1896 3478 subsidiis
1914 3443 1957 3480 re·

375 3531 390 3562 a
408 3508 585 3577 judiceacta,
604 3508 657 3558 rite
674 3516 830 3560 censeantur
849 3518 971 3577 22222222,
991 3517 1020 3560 22
1043 3509 1140 3576 judicis
1194 3507 1273 3558 tentis
1292 3515 1312 3568 §.
1333 3519 1375 3559 22.
1395 3511 1462 3562 last.
1481 3507 1515 3560 12
1532 3518 1586 3562 act·
1605 3507 1622 3559 1.
1644 3523 1668 3561 s·
1688 3518 1715 3561 22
1736 3521 1777 3561 22.
1789 3506 1910 3580 seqq-ff.
1922 3511 1957 3564 de

373 3607 477 3662 quoque
494 3589 637 3642 estctoritas
647 3605 755 3642 *omnem
770 3587 873 3641 fraudis
886 3609 916 3642 ac
926 3589 1052 3644 laesionis
1066 3608 1139 3660 prae·
1191 3593 1230 3643 Ile
1254 3591 1320 3645 Jad.
1339 3590 1357 3642 1.
1381 3601 1419 3642 22.
1428 3591 1470 3660 ff
1486 3593 1567 3646 solat.
1582 3601 1662 3644 matr.
1674 3590 1693 3642 1.
1712 3588 1799 3661 suff.
1809 3611 1859 3662 pra
1870 3593 1955 3646 socia.

373 3675 551 3746 sumptionem
569 3672 699 3726 2222122122.
719 3675 752 3728 C.
770 3673 799 3726 122
816 3673 987 3743 praesentia.
1008 3687 1032 3728 2.
1052 3676 1087 3729 Χ.
1106 3679 1139 3730 de
1193 3674 1211 3725 1.
1235 3671 1346 3741 ¹⁷³·ff.
1367 3673 1400 3728 de
1418 3679 1451 3728 11.
1473 3675 1496 3728 Ι.

373 3758 535 3816 1122222122.
554 3759 586 3814 C.
604 3757 780 3810 2122222112.
804 3771 844 3811 22.
864 3765 885 3821 §.
908 3759 955 3812 2212.
974 3760 1009 3813 12
1019 3763 1139 3814 dentem.
1227 3757 1300 3811 luter
1318 3759 1365 3811 122
1382 3769 1470 3812 autem
1489 3775 1616 3832 personas
1634 3759 1814 3833 privilegiatus
1832 3779 1955 3816 numera*-
1996 3775 2027 3816 22

373 3853 400 3896 22
419 3839 566 3910 22221221.
586 3842 677 3894 Pacta
695 3840 858 3894 nouissima.
882 3853 923 3894 22.
941 3844 974 3897 C.
992 3843 1139 3914 depactis.
1192 3860 1249 3894 mus
1268 3843 1348 3895 etiam
1367 3843 1472 3898 dentem
1491 3844 1520 3896 iu
1541 3845 1672 3909 solutum,
1691 3846 1806 3900 secunde
1820 3847 1875 3900 rice
1889 3864 1953 3900 cou-

373 3928 427 3978 Dn.
447 3923 539 3994 Carpe.
550 3943 582 3993 p.
603 3933 627 3974 2.
650 3924 743 3977 cone.
764 3935 807 3978 22.
824 3923 880 3995 des.
903 3935 925 3976 2.
946 3946 973 3979 22.
990 3940 1013 3980 2.
1030 3928 1141 3999 lnsupcr
1191 3939 1311 3990 2222222222,
1328 3946 1361 3980 er
1377 3929 1489 3992 ratione,
1501 3929 1563 3999 quia
1575 3929 1767 3998 quodammodo
1782 3928 1958 3984 inhumanum

367 4019 402 4062 .et
420 4007 527 4077 publice
545 4007 674 4070 interest,
693 4005 876 4071 venditiones,
902 4027 967 4079 quse
992 4011 1041 4062 2221
1066 4013 1141 4064 hesta
1191 4023 1245 4074 est,
1264 4009 1400 4081 spoliatum
1420 4011 1537 4065 fortunis
1554 4013 1653 4066 suisin
1669 4013 1784 4066 solidum
1798 4015 1957 4070 condemne-

368 4089 515 4156 11’222222,222
535 4108 611 4145 ceusu
630 4091 755 4144 laesionis
775 4109 828 4145 non
854 4093 932 4146 iacile
955 4093 1046 4148 12212222
1064 4092 1141 4162 1221,
1193 4095 1233 4160 21,
1250 4096 1324 4164 jueta
1344 4095 1475 4148 monitum
1495 4095 1563 4168 lmp.
1582 4095 1610 4150 122
1630 4093 1695 4168 §.fi
1713 4100 1784 4150 12222.
1801 4096 1836 4152 212
1854 4099 1955 4154 action.

374 4195 409 4256 ne
421 4173 749 4246 difficiliusreperiantur
762 4185 914 4246 emptores,
924 4195 977 4246 quo
992 4181 1142 4234 motusdut.
1193 4180 1265 4234 Satis
1288 4179 1362 4231 enim
1390 4177 1533 4245 infortunii
1558 4197 1649 4250 pessus
1668 4189 1726 4234 erat
1749 4180 1868 4250 debitor,
1894 4183 1957 4240 dnm

372 4263 488 4330 liering.
507 4259 540 4314 de
547 4259 629 4331 fidei.
648 4277 671 4312 c.
695 4270 737 4312 22.
764 4267 785 4322 ς.
814 4271 856 4312 22.
881 4279 910 4314 22.
933 4279 995 4329 pen.
1022 4263 1140 4333 negative
1192 4263 1277 4317 dando
1295 4263 1364 4316 buna
1383 4265 1412 4316 in
1431 4266 1545 4317 solutum
1563 4265 1754 4330 tantummodo,
1773 4277 1805 4320 ut
1816 4267 1957 4322 creditori-

372 4349 554 4418 quaestionem
574 4345 685 4400 decidit.
704 4346 815 4400 1222221222
830 4349 946 4401 rationes
959 4367 1006 4419 pro
1020 4365 1053 4400 222
1071 4349 1140 4402 stiva
1192 4347 1241 4400 bus
1260 4347 1443 4414 satisfaceret,
1459 4347 1585 4401 omnibus
1595 4347 1676 4401 bonis
1690 4365 1719 4402 se
1731 4351 1864 4420 privarem
1878 4369 1955 4421 ergo,

372 4432 417 4483 2122
436 4440 515 4484 erunt
533 4425 713 4491 sufficientem
735 4429 763 4480 id
777 4429 883 4498 quidem
904 4429 981 4483 lacile
1000 4432 1140 4497 evincunt,
1192 4432 1214 4484 21
1233 4429 1402 4502 postmodum
1421 4431 1519 4485 iterum
1538 4431 1640 4501 aliquid
1661 4434 1795 4504 acquirat,
1821 4451 1853 4487 ex
1873 4434 1956 4489 fortu-

372 4531 477 4570 cessare
494 4511 890 4586 praesumptionemlrnudisae
903 4514 1042 4578 laesionis,
1056 4515 1079 4566 21
1094 4515 1137 4568 1ο-
1192 4537 1241 4572 nae
1260 4518 1428 4588 benignitate
1447 4517 1476 4570 id
1496 4527 1619 4572 censetur
1630 4521 1820 4590 acquisivisse,
1835 4517 1883 4575 uec
1901 4531 1955 4575 sta·

369 4617 404 4651 ne
425 4597 528 4652 fuerint
554 4599 722 4663 2211222222,
747 4614 777 4650 ec
796 4597 959 4666 judicialiter
984 4599 1139 4652 aestimata:
1190 4603 1239 4654 tim
1261 4593 1390 4671 rigidiore
1415 4599 1578 4656 creditorum
1602 4603 1755 4658 executione
1775 4603 1956 4659 auferendum.

372 4681 418 4735 sed
437 4684 461 4734 si
476 4683 509 4735 de
522 4683 641 4736 laesione
658 4681 794 4736 evidenter
806 4691 924 4746 constet,
939 4698 991 4734 non
1004 4699 1072 4750 opus
1085 4695 1138 4748 222,
1193 4687 1304 4738 Demuus
1319 4720 1327 4749 ,
1344 4685 1406 4756 quia
1424 4684 1502 4738 bonis
1520 4701 1609 4750 cesso,
1623 4704 1653 4740 ac
1662 4697 1772 4758 propter
1785 4687 1853 4742 boue
1866 4699 1957 4761 postea

364 4775 399 4817 -ut
408 4765 440 4816 ad
448 4764 697 4834 praesumptionem
709 4773 799 4817 contre
811 4765 963 4816 laesionem
977 4765 1139 4820 militantem
1189 4771 1315 4840 acquisita
1327 4768 1425 4822 iterum
1440 4778 1567 4824 conuento
1579 4771 1652 4838 leges
1664 4767 1883 4826 bocbenebcium
1895 4789 1957 4826 eon·

368 4864 558 4911 recurremus,
578 4864 638 4900 cum
656 4847 768 4902 22212221
794 4848 971 4918 praesumptio
989 4850 1077 4914 cedat,
1107 4855 1138 4907 ἱ.
1191 4863 1326 4908 cesserunt
1343 4853 1369 4906 d.
1388 4860 1410 4915 ς.
1428 4854 1476 4906 212.
1501 4854 1564 4906 inst.
1583 4855 1616 4906 de
1641 4863 1694 4910 2222.
1719 4855 1737 4906 1.
1758 4866 1781 4907 2.
1808 4871 1855 4924 pr·
1861 4852 1902 4924 ff
1923 4855 1957 4910 de

370 4931 527 4986 Continuus
543 4944 606 4986 227.
629 4940 650 4995 ς.
673 4941 696 4984 2.
715 4929 812 5000 infin.
824 4931 866 5000 ff.
886 4933 919 4985 12
937 4935 969 4986 V.
984 4935 1015 4988 0.
1025 4935 1139 5006 ideoque
1187 4955 1253 4990 ¹cess.
1273 4936 1437 5005 dan.1'anct.
1457 4936 1528 5006 cst
1546 4945 1566 5001 ς.
1585 4937 1699 5006 pemff.
1723 4937 1757 4993 de
1776 4938 1818 4992 dis
1835 4958 1907 5012 qaae
1925 4940 1954 4994 122

369 5014 481 5066 omnino
500 5014 579 5068 11221.
599 5030 624 5068 a.
653 5017 682 5068 C.
701 5016 832 5070 1211222.
867 5017 951 5069 Vend.
975 5013 1138 5073 beneficium
1179 5019 1668 5092 [21221222102222121.1111112122
1687 5023 1902 5084 Buccillus.
1933 5041 1956 5078 2.

368 5096 487 5167 praelato
505 5115 567 5152 casu
584 5101 637 5153 2212
650 5099 866 5166 concedendum,
881 5101 935 5152 Du.
948 5101 1009 5155 12212.
1023 5101 1139 5174 Koppen
1195 5116 1219 5156 2.
1237 5105 1276 5158 112.
1298 5109 1332 5160 P.
1354 5108 1464 5174 zanger.
1482 5107 1516 5158 de
1534 5116 1635 5176 except.
1651 5127 1679 5174 p.
1709 5116 1732 5158 2.
1749 5125 1774 5160 e.
1793 5113 1844 5161 ’22.
1864 5125 1891 5160 22.
1914 5119 1953 5160 22.

368 5179 398 5231 122
421 5181 508 5234 112212.
526 5183 584 5238 sais
602 5205 646 5256 qa.
667 5195 708 5236 22.
728 5204 755 5238 22.
776 5195 858 5239 22.22
873 5195 916 5238 22.
936 5197 960 5239 et
975 5188 1077 5255 prolixe
1090 5192 1138 5244 Jo·
1190 5187 1252 5242 Non
1270 5189 1422 5244 dubitamus
1440 5189 1514 5243 idem
1536 5189 1698 5246 beneficium
1722 5192 1754 5246 2221
1774 5192 1905 5248 dationem
1925 5195 1955 5248 in

370 5263 432 5313 12222.
454 5262 567 5335 12222122.
587 5267 663 5322 Asin.
682 5268 717 5324 12
740 5270 893 5325 2222221222.
919 5280 997 5324 tract.
1022 5269 1045 5343 §-
1067 5283 1090 5324 2.
1115 5294 1139 5328 c·
1192 5274 1306 5327 solutum
1326 5275 1482 5342 extendere,
1502 5273 1536 5326 ob
1554 5276 1696 5344 paritatem
1716 5277 1828 5330 rationis
1841 5280 1869 5330 in
1883 5287 1955 5330 utro-

370 5355 416 5418 ,22.
437 5347 552 5405 1112212.
571 5353 602 5409 12
622 5359 718 5411 1102222
729 5356 757 5410 in
772 5357 790 5407 1.
806 5367 830 5408 2.
844 5357 880 5417 C,
889 5353 921 5410 12
935 5357 1061 5412 11222121.
1076 5376 1138 5413 1222-
1197 5377 1247 5433 que
1267 5361 1423 5429 militantis,
1443 5371 1469 5416 et
1489 5361 1675 5434 superiusjam
1688 5362 1825 5418 adductae:
1837 5361 1906 5436 quod
1917 5363 1957 5414 in-
