4404 6274
464 492 529 545 {21⁹

376 569 439 622 terit
458 588 545 634 essin,
564 569 587 624 si
607 580 695 624 tamen
714 569 830 624 habilem
859 587 919 626 sese
937 582 965 626 et
983 573 1094 642 dignum
1114 589 1146 626 ee

380 673 491 709 munere
517 655 633 708 nondum
660 653 823 723 reddiderit,
841 655 936 712 deficit
959 657 1095 722 conditius
1114 657 1145 710 lu

381 737 467 793 iorma
489 739 563 792 enim
589 735 714 810 specifice
739 739 885 813 adimpleri
911 741 992 796 debet
1013 741 1104 796 eadem
1124 742 1144 793 l.

380 843 451 895 quae
470 823 584 877 haeredi
603 833 644 875 tt.
663 834 689 878 et
706 832 742 888 55.
760 843 832 902 seqq,
845 831 878 882 l.
891 827 996 880 Mevius
1009 839 1051 879 ss.
1059 825 1101 897 ff
1114 826 1148 879 de

377 910 480 962 condit.
500 919 528 962 et
544 909 678 964 demones.
700 909 783 982 Aymo
800 913 926 966 Graretts
944 928 1019 968 cens.
1039 923 1099 965 sss.
1118 929 1147 964 n.

378 1005 402 1044 s.
421 1003 448 1044 et
468 993 529 1044 ideo
546 1003 607 1047 ante
627 995 832 1064 implementum
853 1013 908 1049 nou
925 995 1011 1050 oritur
1024 995 1042 1047 1.
1055 995 1149 1049 cedere

384 1086 443 1130 stt.
454 1075 497 1146 ff.
515 1079 548 1132 de
572 1081 604 1130 V.
624 1083 653 1133 S·
674 1077 783 1134 Barbos.
802 1079 849 1132 lii.
869 1093 893 1134 s.
906 1098 964 1148 cap.
978 1087 1021 1132 ts.
1041 1077 1147 1132 areium.

385 1175 408 1216 t.
428 1165 501 1216 ilinc
519 1163 641 1235 saepius,
655 1164 762 1219 etiamsi
776 1183 884 1220 saeuum
897 1165 950 1234 jam
965 1164 999 1220 sit
1010 1161 1149 1230 officinm,

377 1247 511 1317 ejusmodi
541 1249 738 1321 exspectandae
764 1252 958 1318 conceduntur,
988 1260 1061 1306 certo
1090 1250 1148 1302 scil.

379 1344 503 1405 tempore
520 1335 713 1399 determinate,
734 1337 806 1390 intra
823 1336 894 1407 qnod
911 1335 1087 1408 comparanda
1102 1336 1148 1388 lsa-

378 1419 486 1474 bilitas:
507 1419 589 1490 Cujus
607 1421 648 1474 rei
666 1423 804 1492 egregium
822 1425 976 1494 exemplum
994 1431 1149 1493 praepoten-

380 1513 419 1557 tes
446 1505 587 1559 Foederati
614 1505 702 1575 Belgii
728 1506 859 1572 Ordines,
887 1507 937 1560 hoe
969 1507 1029 1577 ipso
1055 1507 1147 1567 Anno,

379 1605 470 1642 mense
496 1592 580 1644 Juuio
597 1591 778 1644 exhibuerunt
797 1591 826 1642 iu
846 1589 1003 1642 celsissimo
1022 1588 1149 1660 Principe

385 1675 591 1729 Arausionensi:
608 1677 698 1746 liujus
720 1675 793 1729 cuim
812 1676 994 1730 auctoritatem
1012 1693 1073 1727 cum
1092 1691 1148 1726 ms-

379 1760 452 1811 xisne
470 1759 646 1814 imminutum
674 1761 745 1814 irent
769 1759 915 1826 llullaudi,
933 1775 1020 1832 neque
1038 1759 1148 1828 majori-

376 1843 425 1894 lsus
455 1843 511 1896 sois
541 1845 662 1899 eusndern
693 1857 831 1916 aequatum
862 1845 974 1911 vellent,
1007 1843 1148 1899 Seelaudis

378 1945 486 2000 semper
506 1933 672 1985 contrarium
691 1931 865 2001 urgentibus,
879 1931 988 1985 tandem
1005 1931 1057 1984 lsoc
1075 1949 1148 1986 anno

377 2027 570 2082 convenerunt,
591 2028 619 2071 nt
637 2034 719 2088 aeque
738 2015 884 2088 Supremos
897 2017 976 2088 lleip·
989 2027 1014 2071 et
1031 2015 1149 2071 Militiae

375 2098 528 2153 Praefectus
546 2111 702 2167 crearetur,
721 2103 803 2154 modo
828 2101 900 2154 intra
926 2100 1147 2154 minorennitatis

374 2199 459 2238 anuos
476 2183 594 2238 habilem
615 2201 644 2238 se
663 2194 737 2238 tanto
756 2183 863 2252 fastigio
875 2182 1041 2243 reddiderits
1055 2183 1145 2236 Verba

377 2270 516 2323 relationis
534 2267 590 2322 fide
617 2269 714 2337 digna,
733 2269 767 2320 de
793 2267 873 2321 terlio
899 2267 944 2321 dic
970 2265 1048 2321 Juuii
1070 2265 1146 2316 Αιιιιο

379 2365 533 2406 tetecum
559 2367 616 2406 rem
636 2354 768 2424 graphice,
786 2351 821 2404 ob
841 2353 931 2404 ocislos
956 2359 1073 2419 ponant,
1093 2347 1144 2399 inse

378 2437 533 2491 adscribere
550 2437 653 2490 lubuit:
677 2439 719 2506 Op
741 2436 870 2489 Gisteren
888 2435 913 2487 s's
937 2433 970 2485 de
987 2433 1074 2503 langls
1093 2451 1146 2488 een

373 2524 560 2595 gespraonken
579 2520 743 2574 introductie
756 2537 815 2572 ean
828 2518 895 2588 sijin
912 2517 1079 2587 Hoegle‘eydt
1095 2517 1147 2570 den

376 2608 468 2660 Iseere
491 2605 594 2658 Prinne
618 2619 679 2657 van
708 2601 834 2671 Orongin
860 2601 889 2653 in
917 2599 950 2652 de
973 2601 1064 2654 Ileedt
1087 2615 1147 2652 ven

375 2694 473 2745 steten
484 2689 616 2762 pernities,
632 2687 702 2742 ende
719 2685 912 2758 gereraleeert,
926 2686 975 2738 det
991 2685 1045 2738 den
1058 2687 1148 2740 Heere

375 2777 480 2832 Prince
498 2795 556 2832 ean
579 2775 700 2846 Orongis
717 2791 769 2828 ean
789 2791 828 2832 ιιιι
843 2769 884 2842 af
891 2779 1009 2843 uergant
1024 2771 1071 2825 sal
1082 2787 1149 2825 saer·

377 2861 429 2915 den
449 2861 481 2914 de
498 2861 587 2915 Sessie
612 2859 641 2920 in
667 2860 699 2912 de
721 2858 801 2912 daed
823 2875 876 2911 cass
901 2861 994 2922 State,
1014 2865 1068 2907 met
1092 2875 1143 2910 een

373 2946 499 3000 sonaiel
516 2945 666 3001 Jaerttenae
689 2945 880 3006 Tractament,
896 2958 979 2994 omne
990 2940 1089 2994 aldaer
1102 2957 1148 3009 ge·

377 3029 510 3085 isnbneert
527 3041 554 3086 te
572 3030 678 3085 werden
700 3038 754 3081 met
770 3029 806 3082 de
829 3023 988 3096 vereijselrte
1012 3025 1151 3080 Kennisse

378 3133 438 3167 van
459 3113 576 3183 Militis,
596 3112 720 3166 Politme
737 3130 772 3165 en
791 3111 824 3164 de
842 3109 995 3164 Ficantie:
1014 3108 1095 3161 Ende
1107 3107 1149 3160 in·

377 3201 487 3270 gevalle
506 3197 600 3268 eeniglr
619 3201 707 3268 aeger
723 3213 783 3251 van
802 3197 855 3250 den
875 3197 954 3249 Staet
966 3195 999 3248 de
1016 3196 1095 3248 uelde
1104 3213 1150 3264 ge-

380 3285 476 3341 bracht
493 3285 599 3337 moclste
617 3283 737 3344 werden,
750 3281 799 3334 dat
817 3280 847 3333 in
865 3280 1029 3334 sulcienless
1047 3280 1151 3334 ᾰιιιιιὶ·

377 3389 426 3423 een
445 3373 534 3424 Heere
554 3369 658 3422 Prince
675 3366 752 3419 vnede
774 3364 803 3417 in
825 3365 975 3435 Polityque
996 3363 1149 3435 Qualiteyt,

383 3455 450 3523 t':er
465 3453 509 3506 als
525 3451 595 3503 does·
611 3461 655 3504 tae
673 3460 721 3519 ayt
737 3451 769 3502 de
780 3449 931 3519 gemeldten
951 3449 1032 3502 Raed
1044 3467 1139 3518 ercam

383 3537 516 3601 mitteert,
531 3531 593 3602 osle
609 3533 767 3587 endersints
785 3533 818 3586 de
838 3535 997 3603 Campagne
1014 3535 1083 3587 ende
1096 3536 1139 3587 De

383 3619 526 3673 liberatica
546 3635 599 3670 san
615 3619 649 3672 de
667 3619 836 3690 Gedepnteer
853 3617 906 3670 den
926 3635 978 3670 ran
993 3617 1063 3672 Ιιιιι
1072 3621 1154 3689 Hace

386 3708 468 3775 Mag:
487 3714 514 3756 te
536 3701 619 3756 Veide
636 3701 717 3772 salby
740 3717 870 3768 mannen,
890 3718 980 3755 omme
998 3701 1063 3755 alre
1080 3719 1155 3757 meer

383 3809 417 3844 en
437 3805 511 3842 meer
522 3787 653 3859 hepterem
664 3786 823 3856 gisemcecit
834 3795 860 3839 te
879 3785 985 3840 werden
998 3795 1039 3840 tot
1052 3787 1097 3838 lset
1108 3787 1140 3841 be

386 3875 485 3928 dienen
497 3891 555 3927 ean
575 3872 620 3924 laet
633 3871 857 3943 Capiteynsclsap.
877 3869 1027 3934 Genetaei,
1042 3881 1068 3924 te
1086 3875 1152 3926 Wa-

386 3969 429 4012 ter
446 3958 516 4011 ende
534 3957 567 4009 de
586 3954 684 4021 lande,
705 3956 748 4008 als
771 3955 823 4009 den
842 3959 920 4010 diaes
943 3955 1004 4006 irem
1028 3956 1155 4009 naemalr

385 4044 457 4097 daer
473 4053 519 4095 tae
534 4039 621 4095 sossde
645 4057 741 4111 magen
762 4049 825 4112 gost
848 4041 947 4094 vinden
965 4049 992 4094 te
1010 4038 1154 4103 sterlisen,⁸

389 4128 456 4182 ende
474 4141 524 4178 see
548 4140 680 4179 ιιαιιιιιιι
702 4125 756 4179 den
779 4127 881 4195 {leogis
904 4123 1045 4195 gemelden
1064 4129 1154 4180 Heere

385 4211 490 4266 Prince
502 4208 555 4260 den
575 4207 721 4260 auderdesn
739 4225 793 4260 ean
814 4216 857 4258 22.
879 4205 970 4258 Jnren
988 4207 1035 4259 sai
1050 4207 1153 4260 hebben

384 4292 601 4366 gradimpieert,·
620 4291 730 4346 dotale
754 4293 810 4344 dan
827 4289 867 4360 ty·
886 4290 920 4344 de
937 4292 1156 4361 geramentlycke

388 4381 597 4449 Buntgenoten,
612 4387 667 4428 met
678 4395 727 4431 een
745 4375 831 4446 goede
847 4374 1004 4428 Harmonie
1019 4376 1157 4444 gedelider

385 4473 441 4516 erre
458 4462 503 4514 sal
527 4459 632 4515 werden
654 4477 726 4514 over
750 4456 853 4527 cessele
878 4459 1094 4529 bearmenneyds
1115 4471 1156 4513 tat

386 4548 433 4600 ieet
451 4545 577 4598 bekleden
601 4561 659 4598 van
681 4545 732 4598 der
761 4543 953 4611 Vaorralseage
978 4543 1101 4613 merges,
1120 4563 1155 4598 en

362 4633 365 4638 “
388 4629 584 4702 geresolveert,
597 4627 695 4696 osmer
712 4629 746 4680 de
763 4627 853 4679 diense
871 4627 946 4680 aan't
961 4629 1055 4680 lande
1073 4629 1156 4682 desei·

387 4734 419 4768 ee
438 4731 472 4784 op
484 4727 555 4781 eyne
572 4714 719 4782 Hooglseyt
734 4711 820 4766 sende
837 4712 947 4764 konnen
965 4711 1036 4764 ende
1053 4713 1154 4767 bedeo-

387 4819 436 4854 ren
453 4795 642 4867 geconsereert
658 4811 685 4851 ee
704 4799 808 4852 werden
827 4808 877 4850 ete.

318 4902 348 4948 ιι
390 4876 395 4887 ’
426 4881 1076 4952 Adformamconeevlendansmespeetsntisrum
1095 4901 1157 4954 pur·

388 4991 419 5027 ru
437 4981 464 5026 et
482 4967 531 5022 noe
547 4977 666 5038 spectat,
684 4968 753 5037 quon
772 4967 812 5021 vel
831 4965 900 5018 ιιιιιΙι
919 4967 1098 5036 promissione
1114 4967 1155 5020 oi-

391 5055 467 5119 lieii,
485 5054 525 5108 vel
547 5052 620 5106 leudi
646 5051 766 5106 vacantis
782 5068 812 5104 se
835 5051 994 5120 obligaverit
1015 5051 1154 5119 deminuet

388 5144 430 5198 sel
450 5141 480 5192 in
494 5154 581 5192 casum
594 5137 728 5188 secuntiae
750 5135 830 5189 simul
849 5135 1046 5204 possessionem
1064 5151 1157 5205 exspe-

325 5245 355 5290 ιι
394 5225 477 5282 clenti
496 5221 670 5278 concesserit.
690 5219 764 5288 Quae
789 5218 848 5288 ipsa
875 5219 904 5270 in
921 5219 1018 5270 effectu
1042 5221 1155 5274 multum

394 5313 540 5374 differunt,
559 5309 599 5362 nti
618 5323 674 5376 cap.
696 5293 720 5360 ι.
739 5302 952 5374 expediendusn;
968 5303 1055 5356 Priori
1077 5306 1156 5361 modo

392 5396 569 5475 „spectantis
587 5391 757 5456 conceditur,
778 5391 801 5444 si
821 5405 881 5460 spes
900 5387 982 5442 alicui
998 5385 1048 5440 liat
1066 5389 1096 5442 in
1113 5407 1155 5444 ee·

921 473 1113 531 lilSl’U'l'l'l'.
1132 475 1216 531 XXV.
1234 473 1352 532 estut·
1371 475 1419 530 lv.

1817 491 1888 530 1220

1197 590 1256 628 som
1276 575 1423 636 samutiae.
1437 575 1506 646 qnod
1527 577 1580 648 ipsi
1600 575 1640 630 vel
1656 571 1779 628 officium
1797 578 1838 632 sel
1849 576 1970 630 feudum

1197 659 1388 714 eonferendum
1407 660 1461 725 sit,
1478 660 1508 714 li.
1521 661 1557 715 G·
1571 665 1609 716 so
1628 663 1798 732 eenpreelsen
1817 661 1870 717 mir
1885 661 1973 715 ‘litio
2014 670 2050 712 ss

1197 745 1293 800 dienati
1309 743 1339 798 in
1373 745 1505 812 Gnaden,
1525 745 1628 799 dossim
1657 745 1725 800 Fet!
1745 743 1819 816 einig
1833 745 1890 798 ilem
1909 763 1971 800 esn-

1196 829 1353 899 rtaendiges
1374 825 1506 897 Officium
1524 827 1553 882 in
1573 845 1674 883 unsern
1699 827 1815 883 huden
1832 826 1975 900 edediges

1202 914 1307 968 werden
1328 913 1465 974 marcise,
1484 909 1535 966 asir
1556 913 1614 966 tem
1637 913 1723 967 deesse
1750 895 1801 965 dor
1815 911 1889 964 aden
1910 929 1969 966 ers-

1199 1000 1266 1053 dern
1294 996 1491 1068 besaerderls'cls
1512 1012 1582 1066 seyn
1606 997 1714 1052 maden.
1736 996 1804 1062 vet,
1825 995 1892 1050 dau
1914 996 1975 1050 svs's·

1199 1083 1247 1138 itm
1268 1082 1318 1136 nsit
1331 1084 1383 1136 den
1401 1091 1490 1136 ersten
1509 1099 1546 1136 ae
1566 1098 1619 1135 uns
1635 1078 1809 1151 versilleneu
1827 1083 1906 1134 lelna
1918 1099 1975 1134 eas·

1200 1171 1275 1225 allen
1295 1171 1403 1226 andern
1418 1165 1550 1222 belednen
1569 1167 1678 1222 notter.
1692 1165 1912 1221 Posterioriseso
1924 1183 1972 1219 ea-
2013 1171 2051 1216 ss

1200 1275 1232 1310 sn
1250 1274 1303 1308 nou
1324 1255 1393 1308 nuda
1411 1253 1494 1324 Exsp.
1512 1250 1683 1316 conceditur,
1695 1237 1742 1303 sed
1759 1250 1840 1304 simul
1857 1251 1900 1318 jus
1911 1251 1969 1302 ali-

1199 1337 1272 1410 quod
1292 1340 1364 1394 reale
1380 1339 1409 1390 in
1428 1353 1518 1392 susum
1535 1334 1682 1400 creamine,
1699 1333 1770 1407 qnod
1795 1335 1838 1388 rel
1853 1335 1970 1398 statim,

1198 1424 1333 1477 existente
1351 1439 1412 1476 sessu
1430 1421 1562 1476 vacantise
1578 1439 1630 1491 pro
1642 1427 1790 1491 possessore
1806 1419 1900 1473 haberi
1917 1419 1970 1473 de-

1201 1509 1277 1575 beat,
1304 1509 1350 1562 sel
1375 1506 1487 1578 proprie
1510 1505 1664 1559 auctoritate
1686 1503 1881 1576 possessionem
1906 1504 1972 1578 ipse

1199 1592 1331 1664 arripere,
1342 1593 1384 1645 sel
1402 1585 1524 1644 officium
1542 1588 1705 1658 promissum
1724 1585 1858 1658 suscipere
1872 1588 1968 1644 liceat,

1200 1677 1292 1731 sicin
1304 1693 1365 1730 essu
1383 1673 1576 1746 exspectandae
1588 1675 1624 1726 ad
1642 1669 1763 1726 ollieium
1780 1671 1889 1743 aliquod
1902 1689 1971 1728 con-
2011 1688 2044 1729 ss

1197 1781 1300 1827 cessae,
1314 1763 1378 1816 lssce
1391 1760 1505 1815 lucinula
1525 1757 1603 1812 toret:
1618 1761 1657 1811 d'a
1675 1755 1765 1810 Titios
1778 1758 1969 1812 adoneum

1198 1847 1249 1900 mit
1263 1848 1338 1901 Tude
1350 1847 1470 1915 abgeien
1478 1882 1488 1912 ,
1502 1843 1561 1898 und
1576 1844 1637 1898 also
1649 1841 1687 1894 im
1705 1843 1891 1898 dati-Haase
1904 1843 1969 1897 eine

1197 1933 1284 1986 Stelle
1299 1941 1401 1986 eacant
1413 1930 1518 1993 warde,
1531 1926 1709 1998 Sempronius
1726 1927 1919 1984 hinniederrsns
1930 1948 1970 1984 ιιι

1196 2017 1305 2071 ιοῙιΙιιι
1321 2013 1507 2071 emto-stelle
1526 2028 1742 2083 ongenonsnven,
1760 2013 1817 2064 und
1824 2013 1965 2078 bestellet,

1198 2101 1254 2156 und
1271 2099 1318 2152 idn
1336 2096 1480 2152 lsiernnter
1494 2095 1651 2160 niemwds,
1670 2111 1726 2148 eser
1742 2095 1792 2149 der
1806 2098 1877 2151 asech
1895 2113 1967 2168 seyn
2037 2135 2043 2148 .

1197 2185 1332 2249 muscite,
1350 2199 1520 2252 corgesogen
1544 2180 1651 2235 werden
1673 2180 1761 2243 selles
1778 2181 1845 2235 Gest
1862 2183 1904 2234 uls
1916 2185 1968 2238 seir
2005 2196 2040 2236 ss

1197 2268 1226 2321 in
1245 2267 1364 2320 salchem
1389 2266 1458 2318 Fert
1473 2253 1521 2316 idn
1539 2285 1573 2318 ess
1597 2265 1687 2319 einem
1712 2264 1795 2316 Glied
1811 2265 1860 2320 des
1877 2269 1969 2322 datis

1199 2348 1373 2420 iestaettigen
1379 2385 1389 2413 ,
1401 2347 1460 2402 send
1467 2345 1687 2415 Burgermeirter
1697 2350 1756 2402 und
1767 2350 1967 2406 tannasara

1198 2449 1312 2488 sanserer
1340 2433 1422 2486 Stadt
1450 2429 1553 2502 ΙιιίιιιίιΙ
1571 2431 1717 2504 gnoedigst
1747 2432 1888 2503 iejidlen,
1911 2437 1972 2490 sicle

1197 2517 1328 2570 lsiemacls
1348 2519 1523 2588 geiorsamst
1546 2535 1581 2570 ιιι
1603 2519 1723 2583 ociter,
1738 2503 1873 2574 existente
1897 2539 1968 2576 casu

1201 2600 1344 2655 vacantius
1361 2601 1582 2656 meiriemelden
1602 2601 1794 2672 Sempronium
1820 2605 1865 2658 als
1881 2605 1967 2659 einen

1200 2689 1390 2742 Reice-Herm
1410 2707 1444 2740 svs
1457 2677 1659 2750 tnsmdueiren,
1674 2686 1733 2739 send
1748 2686 1796 2738 ιἸιιι
1814 2687 1908 2743 daran
1927 2689 1968 2742 ἰιιι

1197 2771 1350 2842 gen’ngsten
1369 2769 1446 2826 eicit
1462 2769 1643 2825 tetindertiei
1669 2789 1703 2825 sss
1719 2786 1794 2840 teyn.
1820 2781 1870 2826 etc.
1886 2774 1970 2844 de
2005 2787 2038 2830 st

1200 2856 1224 2907 si
1249 2853 1324 2907 teudi
1350 2853 1473 2925 Exspeet.
1505 2853 1676 2920 conceditur,
1699 2857 1760 2926 ipsa
1788 2857 1970 2915 investiturae

1200 2939 1335 2993 concessio
1353 2940 1383 2993 iu
1404 2943 1482 2993 tslens
1503 2940 1592 2994 cssmd
1611 2939 1694 2992 simul
1711 2935 1771 2992 fleri
1784 2941 1865 3008 solet,
1876 2943 1972 2998 addita

1201 3024 1322 3076 melioris
1339 3023 1487 3077 validitatis
1504 3021 1620 3075 clausula
1634 3021 1782 3075 Constituti
1803 3025 1970 3081 Possessorii

1201 3107 1231 3159 e
1250 3108 1285 3160 G.
1302 3107 1402 3178 gestele
1421 3106 1597 3178 Sempronius
1614 3103 1744 3160 lsiedssrels
1761 3107 1789 3160 siv
1800 3109 1906 3163 Garum
1920 3131 1970 3167 eo-

1200 3191 1311 3244 cants'ae
1329 3191 1379 3246 nsit
1395 3189 1622 3246 ear'iesneldeten
1637 3191 1733 3246 Feude
1750 3191 1877 3248 beleinet
1885 3197 1971 3263 nied,

1199 3279 1360 3348 dergestalt,
1375 3277 1440 3330 dass
1458 3277 1515 3330 ιἸιιιι
1533 3276 1653 3332 eisdam
1660 3275 1732 3346 srey
1742 3279 1836 3332 etelren
1850 3281 1907 3334 sall
1917 3283 1972 3337 das

1199 3363 1328 3434 erlevligte
1346 3365 1422 3418 cena
1440 3363 1551 3434 propia
1575 3361 1797 3436 authoritatem
1813 3366 1970 3436 accepiren.
2010 3383 2042 3424 ss

1203 3451 1247 3503 Er
1261 3449 1331 3504 nacla
1355 3447 1482 3502 clerbald
1506 3450 1580 3502 naelt
1606 3445 1777 3519 Erledignng
1801 3449 1896 3502 descen
1920 3469 1973 3518 per

1207 3534 1389 3587 Conscientiam
1418 3534 1627 3587 possessorium
1657 3549 1708 3586 ror
1739 3531 1820 3586 einen
1846 3535 1975 3591 Besitser

1202 3616 1340 3670 desselben
1356 3618 1426 3670 selle
1435 3616 1562 3688 gelsalten
1576 3617 1698 3682 werden,
1713 3633 1821 3672 ιιιιιιιιιι
1835 3618 1880 3672 die
1891 3623 1969 3674 Pue-

1201 3699 1286 3752 sessia
1306 3719 1343 3753 an
1362 3701 1419 3752 ihm
1437 3697 1499 3770 aus
1507 3701 1618 3753 selciess
1638 3701 1706 3754 Feli
1723 3699 1818 3754 liiemit
1833 3701 1974 3756 necesses

1201 3779 1376 3853 masseriret
1395 3783 1464 3839 vird
1481 3795 1530 3838 etc.
1542 3785 1615 3853 Quae
1632 3784 1764 3847 clausulae
1783 3783 1917 3853 insignem
1929 3786 1972 3838 el*-
2008 3799 2044 3840 ss

1202 3867 1305 3922 tectum
1323 3868 1448 3938 pariunt,
1468 3869 1590 3933 Partim,
1608 3879 1637 3922 et
1655 3885 1721 3924 soso
1746 3867 1857 3919 Domini
1876 3887 1973 3924 conee-

1193 3953 1293 4005 dentis
1309 3951 1435 4005 mauslsto
1452 3969 1505 4006 aon
1522 3969 1590 4023 opus
1609 3953 1662 4017 sit,
1680 3952 1796 4023 partim,
1815 3951 1851 4006 ad
1868 3953 1970 4020 alium,

1203 4041 1248 4110 qui
1268 4041 1467 4111 possessionem
1488 4039 1559 4094 l'orte
1576 4039 1650 4111 prins
1676 4040 1806 4108 adeptas,
1826 4040 1972 4092 esdodeu·

1204 4124 1283 4179 dums
1303 4126 1377 4178 lline
1394 4125 1463 4178 cauti
1483 4141 1541 4178 esse
1563 4123 1678 4186 debent,
1698 4125 1745 4194 qui
1768 4125 1900 4195 ejusmodi
1925 4141 1973 4177 es-

1204 4210 1364 4281 speetantias
1383 4209 1541 4279 impetrent,
1559 4219 1590 4262 ut
1607 4225 1714 4278 semper
1740 4203 1851 4274 curent,
1870 4211 1971 4263 iisdem

1205 4296 1288 4348 inseri
1309 4295 1373 4346 tales
1390 4295 1534 4360 clausulas,
1554 4311 1586 4347 es
1604 4293 1703 4363 quibus
1720 4293 1873 4362 colligatur,
1893 4295 1971 4364 prin-

1189 4381 1291 4450 'eipem
1310 4381 1379 4450 ipsis
1392 4378 1551 4430 Dominium
1569 4380 1612 4433 sel
1631 4379 1825 4449 possessiouem
1843 4380 1903 4432 siue
1917 4390 1971 4432 trs·

1205 4466 1308 4518 ‹lizioue
1325 4463 1468 4516 concedere
1486 4464 1608 4516 votuisse.
1627 4465 1684 4516 Hae
1703 4463 1778 4515 cuins
1797 4463 1900 4514 ratione
1919 4464 1972 4515 tuti
2009 4476 2045 4518 se

1206 4565 1264 4600 esse
1291 4556 1411 4618 possunt,
1435 4563 1471 4600 ne
1495 4547 1565 4600 alisss
1587 4544 1804 4617 praeoccupando
1820 4563 1910 4600 eorum
1931 4550 1974 4614 jas

1206 4631 1381 4698 intervertet,
1399 4630 1441 4684 nti
1460 4631 1527 4682 bene
1546 4641 1636 4685 mouet
1660 4633 1768 4684 Hartm-
1789 4629 1856 4682 Pist.
1881 4629 1972 4683 Illaec.

1210 4720 1320 4784 Quaest.
1346 4718 1427 4771 Part.
1453 4725 1479 4766 t.
1507 4719 1539 4783 Q.
1567 4727 1608 4767 ts.
1628 4734 1656 4766 ιι.
1681 4727 1724 4766 ts·
1747 4715 1975 4783 Quotiescumque

1205 4799 1280 4852 enim
1298 4797 1370 4852 leudi
1390 4799 1509 4867 primum
1520 4799 1639 4853 vacantis
1652 4798 1836 4869 exspectantis
1854 4799 1893 4852 its
1905 4818 1972 4852 son·

1206 4893 1283 4953 cepta
1301 4892 1356 4946 est,
1370 4894 1400 4936 ut
1417 4885 1512 4938 statim
1530 4896 1689 4954 exspectaus
1702 4885 1760 4938 siue
1772 4885 1826 4936 alio
1844 4884 1910 4938 taen
1922 4903 1976 4956 pro

1206 4985 1357 5042 possessore
1376 4970 1468 5024 lsaberi
1486 4969 1597 5034 debeat,
1615 4981 1679 5024 tune
1697 4987 1746 5041 per
1764 4971 1846 5024 talem
1866 4989 1976 5025 ιιιιιιιι-

1207 5056 1309 5108 sionem
1326 5053 1493 5119 excluditur,
1511 5056 1635 5127 quisquis
1663 5066 1753 5125 postea
1774 5057 1803 5106 in
1822 5053 1895 5107 feudi
1914 5073 1977 5126 pos·

1208 5141 1339 5193 sesionem
1357 5140 1478 5202 venerit,
1498 5140 1617 5200 scilieet,
1636 5140 1675 5194 ols
1690 5141 1851 5194 anteriorem
1871 5157 1978 5210 pusses-

1207 5224 1309 5276 sionem
1329 5223 1401 5277 alteri
1422 5241 1454 5276 es
1467 5226 1636 5278 concessione
1655 5225 1760 5280 domiui
1778 5227 1853 5296 prius
1870 5228 1975 5294 qnaesi-

1207 5317 1271 5356 tsm.
1288 5308 1379 5359 tamn.
1397 5307 1426 5361 r'n
1446 5312 1478 5364 L
1507 5307 1619 5378 Quoties
1641 5323 1682 5363 ti.
1711 5329 1739 5363 n.
1760 5323 1801 5363 tt·
1820 5311 1852 5366 C·
1871 5313 1905 5364 de
1923 5311 1980 5363 lter*

1212 5388 1532 5447 circumstances.
1545 5394 1637 5448 Wisrn
1648 5397 1730 5450 Pars.
1745 5405 1768 5446 ι.
1783 5395 1849 5449 Dee.
1860 5399 1978 5449 sans.
