4452 6334
508 483 558 537 799
952 513 956 520 .
1037 459 1249 518 utsett'rtrto
1267 457 1365 515 mli·
1848 445 1901 500 ⁸0⁰

438 557 563 624 ereendc,
580 555 686 630 quidam
702 573 763 612 sera
777 555 1178 632 lepeproln'brntunseealaqe
1226 553 1384 608 bibitionem
1407 551 1471 620 terta
1494 547 1596 614 butus,
1621 547 1678 620 ipro
1694 547 1751 616 jere
1767 544 1855 600 uallna
1882 551 1923 598 sat
1944 543 1964 594 l.

438 639 505 710 ipsis
520 641 583 694 haec
600 640 704 696 iacuttes
722 639 863 705 adimiturs
880 657 938 692 mm
951 650 1033 694 amm
1045 649 1181 694 intumen-
1227 637 1290 692 Non
1308 634 1424 690 eludium·
1442 646 1470 686 t·
1486 633 1521 688 θ.
1538 632 1563 684 ὀ.
1579 632 1634 684 a.

435 731 492 778 ,tun
510 719 593 776 iacere
609 723 646 774 sit
662 721 695 774 de
712 739 805 792 genere
822 723 1020 794 permissorum,
1039 721 1179 790 unicnique
1260 716 1379 774 Tettium
1395 717 1503 784 insnpm
1514 713 1580 767 ratic
1592 708 1711 764 umecta
1722 709 1753 762 in
1764 707 1812 761 tati
1825 715 1965 762 tutam-
2003 712 2039 758 to

371 812 403 857 ro
439 802 487 858 boc
505 804 584 870 licet,
604 803 658 856 nisi
675 805 789 874 exeeptis
801 805 902 860 emibm
914 805 999 858 certis.
1012 805 1113 859 litium
1123 803 1180 875 qui-
1227 811 1268 865 tu,
1287 809 1314 852 et
1331 800 1397 852 bene
1409 794 1592 852 attendendum
1605 804 1630 847 et
1638 787 1851 863 prospiciantur
1863 799 1913 852 est.
1924 803 1971 840 an·

439 885 498 938 deun
514 906 530 940 a
548 887 697 940 testamenti
716 885 827 940 lectione
854 896 954 942 secetur
975 887 1033 958 ipse
1059 885 1181 940 tertona
1228 899 1262 936 ue
1280 881 1379 934 habiles
1396 880 1453 934 siet
1469 887 1545 932 natea
1566 876 1600 931 ad
1620 873 1801 930 nanncctcn
1817 870 1969 926 dicendum.

437 971 522 1038 ttcjus
539 969 612 1024 enim
629 971 668 1022 nti
685 971 756 1023 nulla
775 971 900 1024 rctnntaa.
917 972 936 1024 i.
955 982 995 1025 tu·
1003 969 1043 1040 Ι
1062 972 1092 1024 de
1105 970 1180 1024 ttJ.
1228 965 1246 1016 1.
1257 979 1317 1016 aaut
1329 965 1399 1032 ιαμ
1413 958 1500 1028 ruff·
1518 954 1748 1027 (trimenstre.
1757 963 1880 1022 pessunt
1892 951 1971 1044 Aptius

442 1069 491 1106 nec
508 1053 665 1118 intellectus,
686 1052 723 1106 its
740 1054 846 1124 pirum
864 1065 916 1118 au,
933 1056 1054 1108 eumdem
1072 1071 1119 1108 m
1142 1063 1180 1104 ta·
1226 1043 1298 1094 enim
1317 1041 1443 1110 ejusmodi
1461 1035 1789 1106 ulmespeepealtatsn
1814 1035 1970 1096 wlemnauru

440 1136 500 1190 sarri
518 1154 610 1207 posse,
626 1145 648 1200 ς.
671 1148 692 1190 t.
710 1142 776 1193 Inar.
799 1137 876 1206 (laid.
894 1155 950 1192 nnn
967 1147 1007 1191 ert
1020 1155 1103 1206 percu,
1117 1133 1179 1199 fico.
1226 1137 1259 1172 ex
1276 1131 1350 1190 parte
1366 1118 1471 1172 testium
1489 1133 1592 1186 semper
1609 1123 1834 1186 praesupponunt,
1852 1113 1896 1166 bic
1911 1126 1971 1208 pern

444 1215 548 1270 rutam.
567 1219 584 1270 t.
605 1229 628 1270 s.
646 1220 673 1272 c.
692 1219 717 1270 d.
735 1230 754 1269 r.
772 1220 791 1271 t.
809 1231 832 1270 s.
851 1221 878 1274 c.
896 1219 921 1270 ct
942 1207 1179 1268 codrantuettbe-
1227 1202 1358 1270 respicere
1388 1199 1521 1272 debrrnur.
1548 1197 1621 1268 (ι.)
1651 1199 1832 1269 thitatem
1861 1205 1967 1250 terrm
2004 1203 2038 1244 at

437 1300 504 1352 rano
521 1301 594 1352 enm
611 1301 723 1361 means,
741 1299 803 1352 uum
820 1289 1180 1358 abrenuntientur,
1226 1281 1283 1351 (²·).
1297 1281 1460 1350 matteum.
1479 1280 1597 1336 ennon
1613 1279 1684 1351 ruod
1698 1281 1809 1344 enarer,
1825 1279 1890 1332 cnm
1907 1277 1964 1347 ussi·
2001 1283 2037 1326 ⁴²

439 1389 467 1432 οι
485 1379 598 1434 {uriom
617 1383 704 1434 „deur
721 1377 797 1440 plane
814 1375 850 1424 sit
866 1371 1017 1434 destitutus,
1030 1369 1179 1422 tntambttt-
1229 1365 1289 1418 dem
1305 1365 1338 1417 ad
1350 1364 1469 1434 quamtis
1480 1365 1637 1418 rctcntrtrn
1649 1362 1826 1433 implwdffls
1839 1361 1903 1414 Μ
1914 1357 1968 1412 ΝῙ·

372 1474 402 1515 tt
443 1473 483 1518 ιρι·
499 1465 624 1516 inter-sur,
636 1453 758 1506 moen
775 1455 849 1522 plene
868 1453 955 1506 testari
969 1469 1020 1504 non
1036 1469 1121 1521 posse.
1134 1454 1178 1506 ln·
1226 1449 1319 1502 secisse
1336 1457 1442 1502 constat
1460 1463 1494 1500 ex
1512 1449 1530 1500 i.
1548 1447 1594 1502 uti
1608 1461 1745 1502 natuerat·
1767 1441 1855 1512 staff·
1871 1445 1904 1498 de
1921 1443 1969 1496 Τῦ-

438 1547 575 1616 colligimus
594 1547 679 1590 antem
695 1535 743 1588 boe
761 1536 815 1590 loen
833 1533 960 1588 tortorem
981 1553 1031 1604 qua
1055 1535 1133 1590 uteru
1160 1534 1176 1586 i.
1225 1531 1319 1598 stibna,
1337 1531 1478 1586 seecundum
1494 1531 1574 1596 iliudq
1592 1532 1685 1586 inore
1702 1523 1812 1582 duorum
1830 1527 1869 1582 sel
1887 1525 1968 1578 utura

438 1641 460 1674 e.
493 1623 614 1672 continua
638 1619 736 1672 mentis
754 1619 906 1672 alienatione
929 1618 1109 1682 laborantem,
1134 1635 1179 1669 seu
1225 1615 1319 1670 veritas
1335 1617 1465 1670 consistit.
1478 1619 1581 1672 'Vernus
1592 1623 1724 1668 crescente
1734 1611 1869 1666 bominum
1881 1607 1967 1660 indies

435 1705 481 1774 qur
498 1705 567 1756 curt.
585 1703 682 1756 tumne
702 1703 834 1757 rrrrrrnn
853 1703 945 1766 narret,
962 1712 989 1754 er
1006 1703 1049 1754 nc
1066 1719 1098 1756 ca
1116 1706 1177 1772 qct-
1226 1697 1341 1762 urticis,
1361 1713 1408 1768 uer
1426 1714 1511 1752 nero·
1526 1713 1636 1750 ccccc
1653 1706 1681 1749 et
1696 1696 1766 1764 lese·
1777 1693 1965 1762 imperatorum

435 1789 495 1840 deun
514 1787 603 1840 testari
621 1797 706 1856 potest
722 1791 839 1840 curatore
855 1798 971 1850 auctore,
984 1803 1041 1856 urg.
1069 1786 1094 1838 d.
1113 1785 1130 1836 l.
1151 1799 1176 1838 t.
1225 1779 1328 1832 tibrim
1345 1779 1413 1834 ilum
1429 1789 1482 1844 “ir
1499 1781 1549 1844 5¹⁸2
1567 1789 1597 1832 ²¹²
1612 1777 1690 1833 ”¹⁰⁶⁰
1708 1777 1805 1844 &1⁰¹2
1823 1773 1899 1827 Μὰ)
1916 1773 1966 1822 ¹¹²³·

427 1868 468 1937 ff
487 1871 512 1922 ά,
531 1873 564 1924 R,
582 1871 611 1920 J,
629 1879 655 1922 ,ι
671 1869 690 1922 1,
711 1881 751 1922 ω,
760 1867 799 1938 ff
811 1870 841 1923 α,
854 1869 955 1938 acquir,
967 1867 1100 1921 pelomm,
1113 1869 1178 1923 lm.
1226 1878 1274 1916 nor
1290 1879 1414 1916 uumerus
1431 1864 1535 1918 testim
1548 1863 1703 1932 requiratur,
1715 1870 1791 1932 prout
1799 1859 1907 1927 qurttus
1921 1871 1966 1908 ue·

438 1953 492 2006 rea.
500 1961 529 2004 cr
539 1963 675 2022 eapropter
685 1950 729 2003 utc
740 1952 850 2004 encrat·
864 1951 1022 2004 ccttcrtnrn
1035 1952 1105 2003 niun
1114 1971 1177 2021 cpe-
1225 1947 1291 2014 ecrit
1310 1943 1338 1996 n
1357 1945 1443 2016 ipram
1461 1946 1607 2016 expoautat
1622 1945 1641 1997 1·
1664 1940 1779 1998 ructum
1792 1936 1964 2008 sermnem.

371 2047 401 2089 tt
439 2044 517 2088 retur.
544 2034 646 2088 Deinde
662 2045 690 2087 et
707 2035 772 2087 bano
793 2034 940 2087 iruultatero
965 2033 1118 2103 denegamus
1139 2035 1180 2105 ip-
1231 2039 1268 2082 tt.
1292 2029 1322 2082 C.
1338 2029 1371 2082 de
1388 2030 1472 2082 testib.
1490 2029 1524 2082 Et
1540 2028 1579 2080 sie
1597 2030 1625 2080 in
1643 2027 1738 2080 ultirua
1755 2024 1886 2076 rctucute
1903 2022 1966 2072 sula·

436 2118 474 2168 sis
492 2117 686 2186 impuberibus,
703 2133 812 2186 qnorum
829 2117 891 2168 dum
916 2117 1016 2170 nullum
1036 2117 1117 2168 animi
1139 2119 1179 2185 jo·
1226 2112 1298 2178 roni,
1317 2114 1404 2166 minus
1422 2113 1561 2166 solemnem
1578 2112 1649 2164 enim
1667 2108 1816 2164 codicillum
1828 2103 1966 2173 mlequis

438 2200 535 2251 dicium
553 2211 609 2265 est,
627 2211 655 2252 ut
671 2199 768 2252 dicitur
784 2200 812 2252 ira
825 2199 851 2250 d.
863 2206 884 2261 t.
900 2211 921 2249 t.
932 2215 981 2262 nec
995 2199 1086 2252 testari
1100 2217 1178 2268 qnoq;
1225 2195 1336 2260 dixerit,
1349 2206 1456 2265 ,septem
1475 2206 1553 2250 testea
1571 2193 1757 2264 requiruntur,
1775 2199 1827 2242 tam
1840 2187 1870 2238 in
1887 2195 1965 2238 testa·

437 2291 569 2351 potentat.
586 2283 645 2336 Nou
662 2282 729 2350 quod
746 2283 817 2336 omni
829 2279 1014 2334 deliberatione
1027 2283 1067 2334 vel
1082 2282 1178 2350 judicio
1226 2289 1314 2333 mento
1332 2280 1427 2348 scriptu
1457 2295 1534 2349 qnam
1553 2277 1731 2344 uunnupatirc.
1750 2269 1838 2342 §.stru
1856 2269 1966 2338 luti-de

440 2363 494 2415 sint
511 2361 646 2426 destituti,
664 2364 709 2416 sed
726 2364 792 2432 qnod
811 2371 879 2416 tanta
904 2361 1095 2416 deliberatione
1116 2379 1179 2416 uon·
1226 2373 1329 2418 tertam.
1348 2365 1405 2416 ord.
1423 2362 1456 2416 Et
1474 2362 1520 2414 boc
1536 2358 1669 2414 communi
1694 2356 1745 2409 ild.
1769 2355 1867 2407 calculo
1894 2369 1964 2406 rece·

439 2443 501 2495 dum
517 2443 658 2513 gaudeant,
676 2459 740 2514 quae
756 2445 788 2496 ad
806 2445 975 2498 universalem
995 2445 1118 2498 bonorum
1137 2447 1177 2498 di·
1226 2456 1313 2514 pturnr
1332 2445 1384 2498 nisi
1402 2444 1442 2496 ad·
1452 2443 1507 2515 pias
1525 2457 1614 2496 canam
1632 2439 1695 2510 quid
1713 2437 1849 2500 retiatum,
1868 2434 1907 2487 sel
1925 2452 1968 2504 pa·

439 2524 624 2579 stributionern
648 2529 677 2579 in
703 2529 859 2582 testamentis
883 2527 1027 2581 taciendam
1057 2525 1177 2582 sufficiat.
1228 2537 1267 2580 ter
1284 2530 1354 2580 inter
1370 2527 1485 2590 liberos,
1502 2527 1541 2578 rel
1559 2525 1638 2580 miles
1654 2521 1732 2576 ruodo
1751 2516 1913 2590 privilegiato
1931 2525 1965 2568 te·

437 2607 508 2661 Hinc
524 2609 689 2670 lastinianus
707 2610 775 2679 lmp.
802 2611 829 2662 in
850 2611 867 2660 l.
886 2609 941 2678 fin.
966 2611 1003 2664 C..
1018 2611 1052 2664 de
1075 2621 1178 2664 tutam.
1226 2621 1303 2664 status
1321 2610 1408 2664 luerit.
1429 2611 1459 2662 ln
1477 2605 1660 2662 favorabilibus
1677 2604 1748 2658 enirn
1763 2604 1811 2655 boc
1829 2600 1892 2654 adeo
1907 2601 1966 2652 stri·

435 2690 512 2744 mitte.
530 2690 608 2755 dicit,
624 2690 692 2760 qnod
710 2692 830 2744 stabilem
849 2704 958 2746 mentera
982 2692 1096 2746 noudum
1123 2692 1178 2748 ine·
1225 2703 1263 2746 ete
1282 2711 1333 2748 non
1351 2691 1514 2756 observatur,
1531 2692 1599 2746 unde
1616 2701 1643 2744 et
1659 2691 1693 2743 ob
1710 2705 1838 2754 summam
1854 2685 1966 2738 necessi·

435 2776 492 2828 rint
508 2774 606 2843 adepti.
625 2774 655 2828 Si
672 2775 759 2843 itaque
777 2791 828 2828 non
839 2783 937 2828 attenta
949 2775 1127 2845 prohibitione
1140 2780 1177 2831 le·
1227 2785 1302 2830 tatem
1323 2787 1437 2848 tempure
1454 2778 1535 2847 pestis
1554 2791 1690 2828 nnmerum
1702 2774 1776 2826 illum
1788 2768 1965 2840 septenarium

437 2858 478 2928 qis
498 2855 616 2928 impubes
633 2857 782 2915 condiderit
801 2866 996 2924 testamentum,
1008 2861 1119 2916 clausula
1133 2880 1177 2914 co·
1225 2861 1332 2912 testium
1351 2877 1404 2914 nou
1422 2876 1479 2912 esse
1507 2859 1696 2921 necessarium,
1717 2855 1763 2911 sed
1784 2849 1917 2914 sulficere·
1942 2850 1966 2902 ’ί

437 2941 553 2999 ‹ttctttrri
570 2941 619 2994 boc
634 2942 712 3011 plane
727 2941 871 3008 obedianti
889 2943 988 3012 nequit.
1007 2943 1079 2998 ldern
1094 2955 1118 2998 et
1130 2945 1179 2998 boc
1226 2939 1302 2992 ruodo
1319 2956 1406 2994 coram
1424 2939 1521 2994 dnobus
1539 2939 1579 2992 sel
1595 2939 1676 2992 tribua
1688 2947 1867 3014 testamcutum
1878 2932 1965 2986 condi-

437 3024 626 3080 extendendum
640 3024 837 3082 ruloadments
851 3027 1178 3099 captoncurueadernpto·
1227 3031 1283 3076 lum
1308 3026 1351 3076 til·
1378 3023 1448 3078 Gall·
1472 3024 1532 3078 lt'br·
1555 3033 1578 3076 ²·
1606 3023 1668 3078 Obt·
1694 3034 1750 3076 tts.
1773 3037 1845 3074 num·
1873 3031 1911 3072 ¹⁸·
1931 3017 1963 3069 D·

436 3107 576 3161 bibitionis
592 3109 678 3170 ratio,
695 3125 759 3176 quac
778 3107 806 3160 in
824 3107 933 3162 tortoris
951 3109 1179 3182 subsit,elicrqne
1225 3105 1406 3160 Fincleitbns.
1429 3109 1460 3160 0.
1480 3119 1503 3159 t.
1522 3123 1549 3158 n.
1570 3119 1593 3159 tt.
1613 3107 1736 3178 Gsrprov.
1752 3113 1822 3174 port.
1842 3115 1865 3156 t.
1880 3111 1963 3156 const

435 3191 516 3260 vitiis¹
527 3187 680 3244 mentalibus
697 3189 854 3254 laborantess
873 3209 1025 3262 quamquam
1044 3193 1072 3244 in
1090 3194 1177 3263 prudi-
1227 3200 1251 3240 t.
1275 3209 1301 3241 n,
1322 3201 1343 3241 t.
1365 3191 1527 3259 Quamquam
1543 3189 1587 3244 illa
1604 3190 1693 3259 opinio
1710 3187 1824 3258 practica
1840 3183 1893 3254 juri
1904 3187 1963 3238 Jus-

436 3269 485 3340 gc,
503 3271 550 3339 qui
568 3272 694 3326 tortam
712 3289 798 3326 rerum
818 3290 918 3326 tenram
937 3269 1129 3336 incircuitunr,
1148 3280 1178 3331 L.
1228 3273 1341 3326 tiniensu
1359 3291 1411 3328 non
1430 3277 1569 3328 conueniat
1580 3311 1590 3340 ‚
1606 3276 1640 3326 nb
1657 3274 1675 3326 t.
1695 3271 1775 3340 cajus
1793 3267 1912 3338 majone.
1938 3280 1961 3320 t·

439 3366 477 3405 tt.
486 3351 526 3422 Ι.
545 3355 577 3407 de
597 3359 719 3408 errator.
727 3351 832 3421 surics.
851 3356 873 3406 si
894 3357 969 3408 modo
992 3358 1058 3410 bene
1071 3359 1178 3426 posteri·
1225 3358 1256 3412 G.
1274 3356 1306 3408 de
1329 3357 1444 3410 Testam-
1456 3356 1508 3425 (Ι.)
1525 3357 1559 3410 Et
1574 3357 1687 3426 quelitaa
1705 3355 1809 3408 testium
1827 3349 1963 3405 enecuer-

435 3437 486 3500 tati
502 3437 631 3500 consulat,
646 3447 824 3490 testamentum
840 3438 922 3506 ipsius
933 3439 1125 3494 admittendum
1140 3457 1179 3495 ea-
1227 3440 1272 3502 da,
1291 3456 1366 3506 qnam
1380 3439 1435 3508 ipsa
1448 3440 1489 3494 lea
1502 3441 1529 3492 in
1543 3439 1653 3492 testibus
1665 3437 1792 3507 reqariritr
1805 3435 1911 3506 quinum
1922 3449 1962 3486 se·

434 3536 477 3592 ae,
489 3519 518 3570 in
528 3519 603 3590 praxi
614 3517 650 3570 sit
662 3527 805 3588 recepturo,
818 3527 883 3572 teate
895 3521 947 3572 lin·
962 3520 1085 3590 carpacr.
1104 3535 1177 3590 pan.
1227 3538 1258 3574 ru
1276 3530 1351 3576 testes
1369 3521 1497 3576 inhabiles
1512 3521 1545 3575 ad
1564 3515 1739 3576 testamentum
1757 3519 1811 3574 aiut
1833 3517 1885 3574 rtet.
1910 3517 1961 3570 Du.

438 3615 461 3659 t·
480 3613 565 3656 conat
585 3613 608 3654 r.
625 3596 679 3668 dqs.
700 3611 738 3652 tt.
755 3601 811 3654 vid.
830 3603 936 3656 Noveii.
955 3605 1043 3658 laon:
1059 3615 1099 3657 ut.
1118 3609 1176 3662 linc
1227 3603 1324 3656 limnu.
1342 3603 1380 3656 ud
1400 3605 1527 3659 Weremd·
1545 3605 1585 3660 tit.
1603 3605 1635 3658 de
1652 3613 1755 3658 terram.
1776 3605 1807 3670 Q.
1827 3611 1868 3654 st.

435 3695 550 3756 spectent
564 3684 644 3738 etiarn
663 3682 720 3747 tttt,
735 3684 778 3760 qui
798 3684 902 3752 quidem
922 3687 1021 3742 reticne
1033 3706 1085 3742 uon
1099 3689 1179 3744 desti·
1261 3689 1346 3751 llaec,
1363 3685 1386 3739 si
1406 3689 1439 3740 ed
1456 3689 1593 3743 clausulm
1609 3687 1783 3744 corbrtttaren
1794 3684 1961 3754 applicanda,

436 3777 559 3831 tnnntur,
578 3767 733 3822 voluntatem
749 3775 836 3820 tamen
855 3783 927 3822 ruam
947 3770 1032 3826 debite
1049 3772 1177 3830 declarare
1225 3785 1277 3824 ucn
1294 3769 1340 3822 illa
1357 3769 1424 3824 circa
1436 3773 1540 3826 testium
1550 3771 1710 3840 quantitatem
1721 3779 1750 3822 et
1758 3769 1905 3839 qualitatem
1915 3769 1961 3821 cb·

437 3867 491 3904 non
509 3859 622 3922 pssunt.
641 3848 736 3918 Quales
749 3857 813 3902 sunt
830 3849 895 3906 muti
910 3861 937 3904 et
949 3852 1022 3906 surdi
1035 3864 1126 3908 natura
1139 3867 1178 3910 ta·
1225 3869 1325 3906 serram
1342 3853 1456 3924 praecise
1474 3871 1606 3908 necessum
1622 3855 1689 3918 erit,
1707 3853 1753 3908 aed
1772 3849 1885 3916 scilicit,
1903 3869 1958 3906 mo·

433 3935 486 3996 les;
503 3931 573 4002 quod
588 3931 611 3985 si
632 3941 717 3984 tamen
729 3931 866 3987 discretim
878 3932 912 3988 sit
924 3934 971 3988 boo
984 3935 1172 4006 tctcrtontcrr,
1224 3935 1258 3990 do
1275 3935 1389 3990 codicilli
1406 3937 1528 4006 requisita
1545 3935 1688 3990 adiuerunt.
1698 3936 1768 3990 ilinc
1779 3936 1889 3990 ctaoactr
1901 3935 1961 3988 baec

435 4015 503 4086 quod
520 4015 664 4083 contingit,
682 4013 783 4083 quando
801 4033 860 4068 msu
878 4017 940 4070 talea
957 4014 1022 4072 fiunt
1033 4037 1099 4089 rper
1111 4023 1177 4075 scri·
1224 4029 1311 4074 nostra
1326 4019 1486 4074 codicillaris
1504 4019 1570 4074 viras
1589 4019 1670 4074 nullas
1687 4020 1780 4072 babere
1794 4017 1904 4090 putarit,
1915 4017 1961 4071 ubi

433 4109 556 4169 pturam,
576 4098 599 4150 si
616 4097 697 4162 muti,
715 4098 754 4152 rel
773 4100 956 4167 nuncupative,
978 4099 1002 4154 si
1022 4101 1094 4154 surdi
1118 4113 1175 4156 nn·
1224 4109 1406 4156 testaruentum
1432 4109 1535 4153 osteum
1561 4110 1601 4152 eat
1622 4099 1819 4172 imperfectum,
1836 4107 1960 4172 quatenus

434 4189 491 4234 tuna
508 4179 620 4244 inerint,
640 4180 725 4233 testari
742 4191 858 4250 possum.
876 4183 907 4234 L.
927 4182 1061 4238 Discrctr's.
1083 4196 1122 4238 tc.
1143 4187 1174 4242 C.
1223 4195 1251 4236 ut
1272 4183 1407 4236 codicillus
1430 4182 1463 4238 da
1484 4186 1541 4250 jure
1570 4201 1622 4242 uun
1647 4185 1720 4239 salet.
1743 4183 1819 4238 Unda
1839 4197 1957 4256 apparet,

433 4265 480 4334 qni
495 4259 667 4331 testamsnc·
684 4275 805 4332 possunt.
828 4266 884 4318 Bru.
909 4268 1028 4322 Patrona
1050 4284 1125 4322 mens
1147 4269 1176 4322 in
1224 4264 1292 4332 quud
1309 4265 1424 4318 uoluntas
1441 4265 1470 4317 in
1489 4275 1643 4322 testamento
1659 4269 1700 4325 cci
1715 4269 1827 4326 nlauaula
1848 4268 1959 4323 ccdicitt.

435 4351 579 4404 Comment-
598 4347 636 4398 ud
650 4345 675 4398 d.
693 4345 711 4398 t
732 4357 753 4397 t.
772 4347 837 4415 lege
853 4348 1028 4418 probibentur
1041 4362 1175 4404 testamen·
1222 4347 1319 4416 adjecta
1338 4348 1479 4418 reperitur,
1497 4348 1531 4402 ad
1547 4351 1686 4406 minimum
1703 4353 1816 4422 quinque
1829 4361 1906 4410 testes
1917 4369 1958 4404 re-

431 4443 487 4486 tum
504 4432 612 4486 condere
630 4429 692 4494 illi,
710 4432 749 4484 rel
765 4433 859 4501 quibus
884 4435 959 4502 plane
983 4433 1045 4488 baec
1072 4433 1174 4490 incultas
1223 4431 1316 4499 quirat·
1334 4431 1437 4502 Quippe
1449 4449 1506 4484 oum
1519 4433 1585 4486 nrdli
1598 4434 1712 4488 codicilli
1724 4435 1834 4499 saltant,
1847 4434 1893 4505 qui
1904 4451 1959 4486 Μ

431 4519 568 4585 adempte,
585 4515 672 4584 quales
689 4526 747 4568 sunt
763 4515 887 4568 baeretici
905 4524 932 4568 et
948 4517 1043 4568 caeteri
1062 4518 1172 4572 intesta·
1222 4515 1366 4584 preeseutia
1383 4516 1480 4586 quinqr
1493 4517 1611 4584 testium,
1624 4517 1777 4588 illorumque
1790 4517 1958 4588 subscriptio-

428 4599 512 4662 biles;
529 4599 568 4650 sel
588 4597 630 4666 qui
649 4597 773 4664 suijuris
790 4613 841 4650 non
865 4608 942 4660 suut,
964 4615 1087 4668 quorsum
1113 4618 1172 4672 spe-
1223 4615 1266 4662 ne,
1285 4598 1355 4652 siin
1375 4600 1482 4670 seriptis
1504 4601 1619 4660 codicilli
1643 4601 1718 4669 iacti,
1738 4603 1832 4664 muniti
1853 4602 1915 4655 sint.
1939 4602 1957 4654 i.

430 4690 502 4734 ctsnt
517 4697 639 4750 pensum
657 4679 754 4750 patriae
771 4681 890 4750 pulcanti
908 4681 1043 4750 subiectae.
1069 4684 1087 4736 i.
1119 4685 1173 4753 Qui
1222 4683 1269 4736 ntr.
1288 4689 1309 4746 i.
1317 4682 1375 4754 fin.
1393 4687 1420 4740 C.
1437 4687 1470 4742 de
1489 4685 1818 4744 mdrttttadcrmtcttn.
1833 4685 1865 4742 de
1884 4687 1956 4740 Just.

429 4763 459 4816 a'rr
476 4772 613 4832 potestate.
633 4775 656 4814 c.
669 4777 709 4831 pr.
718 4760 758 4831 Ι.
776 4763 809 4816 de
826 4773 930 4816 tertam.
948 4764 1029 4818 iliacs
1045 4767 1115 4820 enirn
1130 4783 1170 4818 ru·
1221 4775 1247 4820 et
1259 4766 1319 4820 Jnn
1342 4769 1429 4823 Treui.
1444 4777 1470 4822 2.
1483 4772 1518 4824 D·
1535 4753 1590 4823 ω’.
1604 4789 1632 4822 n.
1644 4783 1667 4825 t.
1681 4773 1732 4824 Du.
1744 4771 1844 4826 terrun.
1854 4772 1956 4827 Comm-

431 4845 503 4898 sibus
519 4845 731 4914 praesuppositis,
743 4847 884 4900 eumnullo
901 4846 977 4900 niodo
990 4857 1172 4904 testamentum
1224 4851 1290 4906 Cor.
1307 4855 1343 4906 ud
1360 4853 1385 4906 d.
1407 4856 1437 4922 Q·
1446 4853 1504 4924 fin.
1522 4856 1714 4910 Testamentum
1732 4855 1829 4925 igitur,
1852 4856 1882 4908 in
1905 4873 1954 4924 quc
1978 4867 1985 4884 ·

428 4945 517 4982 eurum
541 4927 680 4983 subsistere
696 4939 788 4998 queat,
807 4929 852 4983 aed
870 4929 929 4999 ipro
945 4933 1002 4998 jure
1019 4933 1106 4986 rtatim
1124 4951 1171 5003 pro
1221 4937 1312 4988 saltem
1331 4953 1375 4990 reu
1394 4947 1471 4989 testes
1488 4936 1617 5003 adhibiti,
1634 4938 1762 5009 licetque
1776 4947 1958 4993 testamentum

402 5045 406 5054 .
428 5013 501 5066 nullo
518 5021 663 5082 reputetur,
689 5029 736 5066 nec
758 5014 896 5068 elenrnlam
920 5013 1093 5070 codicillarem
1124 5017 1173 5070 bac
1221 5017 1362 5074 subsistere
1380 5027 1502 5088 nequeat,
1517 5036 1566 5090 per
1581 5022 1613 5073 l.
1630 5022 1655 5074 ri
1670 5039 1746 5078 nnus,
1762 5033 1801 5078 tr.
1813 5024 1845 5078 G.
1858 5023 1890 5075 da
1907 5023 1954 5074 Te·

427 5095 457 5148 in
481 5105 556 5166 parte
577 5095 713 5166 quicquum
729 5097 830 5167 operari
847 5097 954 5166 plenum
971 5106 1025 5160 eat,
1045 5115 1103 5152 eum
1117 5115 1170 5152 uon
1220 5111 1344 5155 nument.
1364 5113 1449 5156 tamen
1466 5123 1513 5174 per
1537 5106 1674 5159 clausulam
1697 5105 1871 5160 ecditu'llarem
1895 5109 1957 5159 tule-

428 5177 542 5232 habilem
558 5178 653 5233 reddat
668 5180 760 5242 illum,
779 5182 851 5249 cnjus
863 5178 968 5234 facultas
986 5181 1098 5236 testandi
1116 5183 1174 5250 jure
1219 5193 1304 5248 raturr
1322 5203 1380 5238 utrm
1399 5204 1519 5241 uumerus
1538 5188 1587 5240 bic-
1598 5189 1630 5242 ad
1646 5189 1793 5244 codicillum
1816 5184 1950 5243 sufficiens

429 5262 506 5334 plene
522 5261 654 5334 reprobate
672 5274 719 5318 est.
738 5261 816 5332 Cujus
828 5273 899 5319 actua
909 5272 1000 5334 utpote
1010 5275 1098 5320 contra
1110 5283 1171 5336 pro-
1219 5269 1263 5321 sit.
1282 5267 1332 5323 srd
1350 5271 1373 5324 si
1389 5273 1520 5343 puriores
1535 5273 1649 5343 quinque
1665 5253 1771 5328 testibus
1783 5273 1955 5340 inveniantur,
