4478 6350
350 545 401 604 nii
820 539 870 596 DE
887 537 1100 596 tuostztrtt.
1120 537 1157 593 ΙΝ
1174 537 1318 594 unusne
1731 541 1784 596 2³6

1094 632 1177 686 metui
1194 641 1296 704 potest,
1316 635 1347 686 L
1370 643 1482 688 senemr
1506 631 1630 688 censuit(
1645 643 1687 686 tt.
1707 632 1735 706 ᾖ.
1762 637 1859 690 mertis

232 739 243 770 ι
282 667 377 774 Dum
389 715 423 770 de
437 712 644 785 Agoniuntium
655 709 753 776 effatis,
765 707 1045 782 quatenusiuriscon·
1094 733 1179 771 mm
1199 725 1222 767 t.
1238 715 1279 787 ffi
1297 718 1323 770 d.
1350 729 1430 770 mort.
1453 719 1548 770 donor.
1570 718 1703 772 l'rancise.
1728 719 1855 774 Bursstua

279 802 442 858 rideretinne
459 800 587 863 veniunt,
606 807 711 852 neturus
728 813 803 860 sum,
821 807 1042 864 supersereueum
1094 817 1169 852 com,
1190 810 1232 854 40,
1250 819 1278 852 η,
1300 812 1342 852 tt.
1361 800 1456 852 paulu,
1475 801 1600 854 zamma,
1623 811 1725 872 quam,
1750 803 1856 856 medico

281 887 405 958 equidem
424 885 510 940 sideri
528 892 632 954 potiti,
651 881 685 934 de
697 899 788 936 totum
801 878 937 932 11013ῑῖ0ηο
950 884 977 928 02
988 891 1044 926 ¹⁰?-
1094 881 1173 951 legnl.
1191 881 1238 935 lib.
1260 893 1286 934 2.
1302 882 1342 935 rit.
1366 892 1387 934 t.
1408 893 1509 954 quaest.
1526 895 1565 936 tt.
1581 903 1607 936 n.
1625 895 1667 938 tu.
1680 893 1721 936 st.
1734 901 1800 954 quos
1813 903 1857 938 re·

281 973 374 1030 borum
389 971 567 1041 explicatione
585 969 661 1035 longe
678 965 821 1027 disserere,
837 979 899 1016 cnm
924 961 971 1014 ille
996 975 1043 1028 per
1094 969 1163 1020 etius
1183 979 1270 1021 tamen
1289 985 1342 1020 non
1361 966 1390 1020 iu
1402 969 1498 1020 mortis
1509 967 1630 1030 articulo,
1644 967 1691 1020 sed
1705 969 1799 1024 mortis
1811 987 1856 1040 pe-

281 1077 310 1112 se
327 1075 379 1110 uon
399 1056 513 1108 multum
537 1049 706 1106 difficulltlit
732 1047 842 1110 hahere,
867 1044 978 1100 cullibtl
1002 1043 1045 1096 5⁰·
1094 1050 1178 1103 riculo
1195 1052 1353 1104 constitutos
1371 1061 1445 1105 vocat
1462 1051 1573 1103 Incarus
1590 1049 1732 1105 Foenutius
1747 1054 1779 1106 de
1793 1054 1855 1105 Μο-

280 1144 369 1200 trtenti
385 1149 514 1214 petescete
530 1139 655 1192 Attamen
667 1151 727 1188 cum
739 1135 769 1187 iu
781 1133 867 1187 hoeet
879 1130 1043 1203 pmecipleu-
1096 1145 1177 1186 ment.
1201 1136 1291 1204 Temp.
1308 1152 1331 1188 e.
1350 1148 1374 1186 t.
1394 1155 1422 1188 ιι.
1443 1146 1484 1187 tt.
1497 1134 1594 1186 Contre
1614 1151 1675 1186 veru
1685 1133 1857 1188 strictissime

280 1241 321 1284 tes
339 1238 367 1282 et
384 1225 491 1297 proprio
509 1239 612 1294 qnoque
629 1220 751 1290 exemplo
774 1227 927 1290 praeeuntes
948 1215 1045 1268 haber·
1096 1217 1326 1270 circumscribitur
1345 1218 1377 1270 eb
1397 1217 1466 1282 illis,
1484 1219 1530 1288 qui
1550 1235 1599 1287 pro
1618 1217 1676 1286 ipso
1694 1217 1806 1270 instanti
1830 1229 1858 1272 et

281 1329 341 1367 mus
359 1309 434 1363 Juris
452 1308 537 1360 nostri
557 1307 685 1360 lectores
703 1315 731 1360 et
742 1307 917 1374 iuterpretes,
937 1301 1045 1352 illorum
1097 1313 1245 1368 momento,
1269 1321 1321 1373 qno
1344 1313 1463 1370 aegrotos
1488 1302 1604 1353 animam
1627 1301 1717 1364 eiflat,
1741 1303 1857 1370 sitsmqr

282 1390 435 1448 auctoritati
454 1391 576 1443 consulto
593 1389 737 1457 reirapari,
756 1389 812 1441 imo
835 1395 926 1440 corrtre
952 1384 1043 1451 dispu-
1097 1406 1157 1440 eum
1182 1398 1266 1442 morte
1289 1398 1450 1453 commutet,
1474 1388 1625 1458 sccipiunt,
1645 1387 1686 1440 uti
1703 1387 1794 1442 ridere
1817 1397 1859 1442 est

282 1475 396 1530 tuntiuur
414 1475 487 1542 leges
505 1473 591 1527 iecere
613 1471 731 1536 viderer,
756 1471 780 1524 si
797 1472 921 1524 omittere
942 1466 1044 1519 sellem.
1097 1470 1166 1542 ,pud
1185 1471 1305 1523 eumdem
1325 1469 1481 1532 Bonorum,
1500 1471 1553 1522 100.
1564 1469 1607 1521 eir.
1622 1489 1650 1522 η,
1664 1481 1705 1522 se.
1718 1487 1784 1538 quae
1796 1489 1857 1525 mn.

285 1563 374 1628 Quere
392 1573 472 1627 peuce
491 1565 518 1609 et
534 1554 569 1609 de
587 1555 645 1624 ipsu
661 1555 769 1624 quidem
782 1550 954 1624 Agoniesntls
968 1548 1045 1601 serbo
1081 1555 1226 1608 sideratio
1245 1564 1331 1608 tsrrten
1346 1553 1528 1624 philosophice
1542 1555 1643 1622 potius,
1655 1571 1732 1622 qnam
1747 1555 1859 1622 juridice

280 1639 414 1703 uuunder,
434 1639 492 1692 scil.
510 1657 524 1688 e
543 1637 654 1690 Graecis
672 1636 737 1687 illud
756 1636 860 1706 iprum.
878 1634 913 1686 ob
932 1635 1046 1703 singulu-
1097 1638 1152 1690 diei
1170 1647 1296 1690 meretur.
1314 1638 1402 1688 Medic
1421 1637 1503 1704 igitur
1520 1633 1682 1704 significatio
1695 1638 1747 1704 juri
1767 1649 1859 1692 nostro

283 1733 340 1777 rent
360 1737 485 1791 praesens
503 1719 639 1788 negotium
658 1719 825 1789 exprimendi
843 1718 999 1788 etepmtinu
1020 1724 1045 1766 el
1097 1722 1240 1784 convenit,
1259 1723 1333 1789 juxte
1351 1721 1420 1789 quod
1438 1720 1537 1772 Mortis
1555 1719 1689 1772 Articulus
1708 1721 1754 1774 tuli
1773 1722 1858 1790 spetio

281 1804 449 1878 frequentem
468 1807 533 1858 elias
551 1805 579 1858 in
600 1807 683 1858 letina
694 1805 781 1874 lingue
794 1823 886 1866 uxum,
900 1811 1046 1856 mutuatum
1097 1817 1139 1860 eet
1157 1803 1338 1871 definiendus,
1357 1806 1404 1876 qui
1422 1807 1527 1876 petulum
1540 1804 1674 1857 erstecedit
1685 1803 1769 1875 ipsam
1785 1823 1857 1858 mor.

281 1907 348 1944 esse·
364 1887 509 1941 Descendit
522 1906 536 1940 e
549 1887 629 1940 serbo
642 1887 821 1958 ἀγωνιζομαι,
841 1895 868 1938 et
885 1887 934 1938 boc
948 1883 1045 1934 iterum
1101 1903 1152 1944 ,em
1173 1890 1378 1944 summm-m,
1398 1893 1430 1942 L.
1449 1890 1589 1942 alumnae.
1610 1899 1652 1938 tn.
1670 1881 1759 1956 §.fim
1773 1885 1814 1956 ff
1833 1887 1859 1939 d.

280 1975 315 2030 eb
331 1975 421 2040 ἀγων,
439 1971 508 2042 quod
526 1971 581 2023 illis
598 1969 689 2022 ludum
709 1987 754 2022 seu
773 1979 906 2022 certamen
924 1966 1045 2028 denotet,
1098 1974 1180 2025 adim.
1192 1973 1241 2024 uel
1253 1971 1404 2041 transfleg
1421 1987 1491 2022 mors
1502 1979 1589 2021 temen
1603 1967 1787 2022 verisimiliter
1799 1987 1859 2041 pro·

282 2059 354 2112 uude
370 2056 548 2124 uponotlretici
567 2056 634 2124 juris
653 2053 729 2108 luudi
755 2055 881 2107 dicuntur
899 2053 927 2104 iu
947 2049 1046 2122 Lfin·
1099 2057 1170 2108 xirua
1192 2057 1318 2120 timetur,
1340 2055 1400 2111 ioh.
1420 2055 1553 2108 Francisc.
1572 2052 1786 2124 llipedePeste.
1800 2073 1858 2123 cup.

286 2143 316 2194 C.
336 2136 459 2206 desund
472 2137 583 2206 petrin.
602 2135 649 2188 lid.
672 2148 711 2188 tt.
730 2146 757 2189 et
773 2138 806 2188 L
823 2153 871 2203 pn.
895 2135 928 2188 C.
951 2133 985 2184 de
1007 2131 1047 2186 di·
1098 2139 1132 2192 de
1147 2139 1237 2208 privil.
1251 2139 1311 2208 jud.
1330 2155 1414 2192 curren
1431 2148 1496 2206 pert.
1523 2149 1546 2188 t.
1572 2155 1599 2188 ιι.
1627 2147 1667 2187 ts.
1689 2137 1860 2206 Eeeeigitur

283 2239 355 2280 vers·
372 2219 467 2290 praed·
479 2219 549 2288 quod
562 2220 602 2273 uti
617 2218 726 2286 Dionys.
740 2213 1047 2283 Godoiredus.d.1.fin·
1100 2220 1240 2272 distinctio
1258 2231 1282 2272 et
1302 2221 1374 2288 ipsos
1395 2219 1569 2286 Agoniesntes
1588 2219 1748 2283 distinguit,
1767 2231 1793 2272 et
1806 2238 1860 2272 ιιοιι

281 2323 311 2362 ιι.
330 2317 373 2358 tt·
392 2303 521 2373 explicet,
540 2301 669 2356 destinati
681 2300 783 2354 fuerint
800 2300 950 2369 sumptibus
963 2313 1048 2350 secro-
1100 2301 1242 2354 minimum
1262 2300 1407 2369 adjumenti
1426 2300 1579 2354 consented
1604 2299 1783 2353 conciliandus
1802 2301 1858 2354 dis-

284 2407 344 2444 sum
362 2385 548 2440 certaminum.
567 2384 653 2440 ltirer
678 2385 773 2439 Glosse
792 2381 832 2438 ud
848 2382 875 2434 d.
900 2379 979 2449 Lfl
1003 2397 1051 2452 ptr
1098 2387 1273 2442 sentientium
1296 2389 1442 2440 ductorum
1464 2388 1620 2458 opiniones,
1641 2383 1862 2456 explicandisque

279 2470 485 2542 ¹aponotheticus
502 2468 599 2522 luridos
617 2467 747 2537 intelligit
763 2484 852 2534 egros,
872 2475 902 2518 ut
916 2465 954 2516 ibi
967 2463 1047 2527 dicit,
1100 2472 1283 2542 quaestiones,
1303 2482 1333 2522 nt
1351 2470 1421 2524 inire
1440 2473 1551 2543 patebit.

284 2567 440 2618 terrestres,
454 2553 592 2625 perductos
603 2553 635 2606 nd
650 2552 819 2606 fertilitatem
831 2567 927 2618 egone,
940 2550 959 2600 i·
971 2566 994 2601 e.
1008 2549 1047 2602 ls-
1137 2554 1219 2606 Porro
1236 2551 1268 2605 ad
1283 2553 1368 2624 ipsum
1380 2571 1460 2624 quoqr
1477 2556 1572 2608 realem
1586 2552 1790 2625 descriptionem
1805 2575 1861 2610 me-

280 2643 362 2704 bore,
380 2639 441 2709 quie
458 2637 504 2708 qui
523 2636 633 2700 laborat,
652 2636 721 2704 egit,
740 2635 870 2704 quomodo
889 2643 916 2688 et
939 2631 1049 2684 Graecis
1100 2637 1154 2688 lius
1166 2636 1362 2708 percipiendum
1382 2649 1410 2690 et
1426 2637 1605 2708 probandam,
1623 2640 1782 2705 ridendum,
1801 2643 1861 2710 qui·

281 2729 355 2782 idern
373 2725 482 2780 serlum
506 2733 629 2778 corutum
652 2731 681 2774 et
703 2721 820 2774 lsburem
845 2715 993 2785 significet,
1019 2725 1049 2768 ut
1102 2719 1151 2772 bus
1170 2719 1258 2772 serbis
1277 2721 1374 2788 passim
1394 2723 1422 2774 in
1442 2722 1543 2788 legibus
1561 2723 1750 2789 insignientur.
1769 2724 1815 2776 Sic
1834 2725 1864 2778 iu

283 2831 316 2866 ex
331 2816 443 2867 lsocrete
456 2811 621 2864 demonstret
632 2807 694 2862 soh.
707 2806 817 2871 Scetmle
830 2807 891 2858 nee
909 2806 1006 2856 Graec.
1019 2802 1047 2856 in
1101 2802 1259 2854 discrimine
1276 2803 1344 2857 sitae
1363 2823 1407 2858 eos
1424 2805 1584 2858 constitutos
1600 2806 1714 2876 uppellat
1732 2807 1862 2862 Seuerols.

284 2897 363 2952 verb.
377 2891 460 2962 ἀγυι.
478 2891 508 2944 lu
525 2889 570 2942 tali
585 2888 670 2958 igitur
681 2881 833 2954 significatu
845 2884 1050 2955 optimeGlossa
1101 2890 1133 2941 L.
1153 2886 1316 2952 Panrplrilo.
1335 2901 1378 2941 ss.
1397 2887 1421 2958 §-
1433 2890 1612 2959 prepostmm.
1634 2887 1705 2959 μβ.
1724 2892 1757 2944 de
1769 2895 1863 2962 leget.

283 2978 316 3032 ed
335 2977 492 3036 morientes,
511 2972 559 3043 qui
578 2973 712 3040 jamnum
739 2978 824 3020 morte
849 2966 1049 3029 conflictentur,
1103 2985 1127 3024 t.
1145 2973 1176 3024 ln
1197 2973 1325 3026 extremis
1344 2988 1402 3026 esse
1421 2973 1490 3026 dicit
1509 2974 1591 3026 idem.
1612 2979 1644 3028 L.
1662 2977 1799 3030 alumnae.
1821 2993 1864 3034 eu.

285 3070 313 3112 et
330 3058 360 3110 iu
372 3054 647 3118 extremislnborent,
659 3049 823 3122 praedictum
838 3048 989 3102 uocabulum
1002 3058 1051 3098 tra·
1101 3053 1124 3126 5.
1132 3055 1164 3125 ji
1173 3052 1262 3124 ffied
1273 3055 1356 3109 edim.
1370 3055 1421 3124 leg.
1443 3058 1472 3108 ln
1492 3058 1619 3110 extremis
1637 3075 1714 3124 apere
1732 3062 1862 3116 innocen·

284 3143 348 3206 tm,
366 3139 528 3208 adducitque
547 3138 662 3207 exempli
682 3137 737 3188 loco
756 3134 907 3198 Christum,
926 3150 1003 3201 quern
1020 3131 1050 3184 in
1103 3139 1155 3190 tius
1178 3140 1253 3208 Pepe.
1271 3140 1342 3206 cap.
1361 3157 1422 3192 cum
1441 3139 1648 3195 dimetiendi.
1659 3142 1692 3194 de
1703 3157 1814 3196 success.
1830 3148 1865 3198 ai

285 3243 366 3293 agone
385 3223 470 3276 luisse
486 3221 553 3274 dicit
573 3221 713 3291 seriptum.
733 3217 760 3270 d.
779 3217 797 3268 l.
804 3215 863 3286 fin.
882 3219 915 3272 G·
928 3211 1050 3281 defend.
1102 3221 1191 3274 intest.
1210 3231 1238 3274 et
1254 3222 1400 3287 Gregorius
1413 3223 1459 3274 lli.
1477 3241 1536 3294 cup.
1545 3222 1603 3292 fin.
1622 3226 1657 3276 Χ.
1675 3225 1709 3278 de
1725 3226 1819 3295 sepult·
1833 3230 1865 3282 ln

284 3311 397 3382 portien.
1101 3305 1229 3358 extremis
1247 3305 1373 3358 laborare.
1391 3307 1418 3358 d.
1431 3325 1490 3369 eeu.
1505 3319 1529 3358 s.
1548 3305 1575 3358 d.
1592 3323 1705 3361 success.
1723 3310 1757 3360 nb
1775 3309 1866 3366 intest.

320 3393 363 3444 lle
385 3386 559 3456 ambiguitate
581 3387 659 3454 huius
681 3385 800 3440 vocabuli
820 3403 872 3439 nou
896 3395 958 3451 est,
982 3382 1051 3452 quod
1104 3389 1237 3442 Honorius
1255 3390 1304 3442 ill.
1321 3391 1390 3460 Cup·
1409 3389 1540 3445 exhibite.
1560 3401 1602 3442 υ.
1621 3393 1654 3443 Χ.
1672 3393 1705 3444 de
1721 3393 1819 3446 lomic-
1836 3397 1867 3450 ln

285 3488 442 3542 magnopere
458 3472 542 3524 simus
559 3470 689 3534 solliciti,
708 3468 828 3539 quururis
845 3467 917 3522 enim
930 3467 991 3518 ltuic
1010 3485 1053 3519 se·
1103 3471 1229 3526 extremis
1248 3473 1361 3542 positos,
1380 3472 1405 3524 d.
1427 3474 1594 3526 innocentius
1613 3465 1865 3547 incenderim.

285 3555 435 3627 quipollens
452 3552 560 3606 verbum
579 3551 740 3606 Mor-iensin
755 3550 859 3604 direrse
878 3543 1051 3618 significatio·
1103 3557 1164 3612 rim.
1187 3553 1225 3611 r'e.
1245 3557 1280 3608 Χ.
1300 3555 1333 3610 de
1356 3559 1472 3610 Terram.
1491 3557 1521 3610 ln
1540 3557 1667 3610 extremis
1685 3559 1868 3615 vimeooneri.

285 3660 322 3700 ue
338 3638 473 3710 quondoqr
492 3647 520 3690 et
542 3638 622 3702 Vise,
642 3641 675 3692 L.
692 3631 803 3707 firi-ff·
826 3636 852 3687 d·
871 3637 922 3688 1⁰0·
945 3644 971 3686 el
993 3634 1054 3686 t'lt'tt·
1105 3652 1190 3705 tutus,
1212 3637 1378 3711 Pupinia'nus
1392 3645 1425 3696 L.
1437 3641 1512 3712 Sejn·
1533 3653 1575 3693 tr.
1587 3638 1610 3710 i
1622 3654 1777 3712 cumpater.
1799 3649 1868 3715 ¹·ff·

285 3725 363 3799 publ.
384 3720 574 3793 lppelletioni.
592 3723 625 3774 L·
646 3731 669 3770 ³·
688 3721 721 3776 C·
739 3721 765 3772 d.
778 3729 857 3788 temp·
871 3727 896 3769 et
908 3731 995 3786 repar·
1008 3733 1055 3786 “tt-
1104 3728 1131 3780 d.
1150 3735 1229 3779 mort.
1246 3741 1331 3779 ceusu
1348 3725 1442 3778 donet.
1457 3726 1486 3777 ln
1499 3735 1616 3778 extreme
1634 3743 1692 3780 esse
1710 3726 1868 3784 valetudine.

282 3811 344 3882 ¹pel.
365 3805 480 3860 Aelloui·
498 3808 532 3857 h.
548 3817 571 3855 ³·
590 3805 624 3859 C·
644 3803 670 3856 d·
688 3820 806 3873 praetcr-
828 3815 869 3855 ³⁰·
890 3821 957 3854 tvm·
976 3802 1008 3853 l·
1033 3813 1055 3854 l·
1106 3812 1227 3868 Julianus
1245 3811 1277 3863 z.
1296 3809 1323 3860 si
1338 3819 1426 3878 pater.
1442 3806 1519 3879 tt.§.
1538 3811 1681 3879 precedam.
1701 3808 1776 3880 ⁴·ff·
1793 3813 1869 3882 dfi-

297 3899 326 3951 C·
346 3893 380 3949 de
398 3909 466 3946 ιιιιιι.
485 3899 589 3956 except.
607 3888 678 3953 litt,
698 3890 732 3942 t.
753 3901 776 3940 t.
794 3883 818 3958 ἓ
842 3883 908 3954 t·ffi
919 3906 975 3957 qun
987 3882 1055 3954 t'nsr·
1108 3894 1174 3948 deis.
1181 3893 1268 3946 libert.
1278 3892 1607 3962 llecedentessirupliciter
1621 3902 1695 3946 vocnt
1707 3894 1868 3964 imperator,

281 3983 361 4040 emt
380 3988 429 4032 ec.
446 3976 593 4036 criuntur,
612 3992 671 4026 curn
691 3982 778 4026 umen
796 3971 829 4024 de
848 3970 943 4024 tatibus
965 3970 1053 4024 inani·
1107 3980 1139 4031 ι.
1158 3978 1190 4031 st
1206 3979 1239 4031 0.
1259 3974 1284 4026 d.
1302 3979 1331 4029 s.
1350 3981 1381 4028 s.
1398 3977 1474 4030 nect.
1487 3976 1615 4046 utpium
1628 3977 1656 4027 tn
1670 3978 1703 4028 ι.
1718 3978 1756 4030 ιι.
1770 3990 1869 4032 aurem.

291 4064 372 4120 mutis
383 4069 411 4114 el
423 4057 632 4128 incorporalibus
644 4054 675 4108 τὸ
691 4055 762 4126 loqui
776 4052 920 4125 proediceri
932 4061 1056 4122 nequent,
1109 4075 1133 4114 s.
1151 4058 1175 4132 §-
1195 4059 1336 4114 Julianus.
1360 4081 1382 4110 ·.
1392 4059 1432 4131 ff
1450 4059 1476 4111 d.
1501 4059 1604 4112 adonin.
1629 4068 1678 4110 tut.
1700 4061 1819 4114 scevola
1841 4065 1871 4118 in

292 4151 358 4204 ltine
375 4143 523 4216 improprie
542 4152 643 4194 tanturn
658 4141 696 4194 its
707 4141 807 4204 soceri,
823 4157 886 4209 neq;
901 4139 944 4192 hic
956 4140 986 4192 in
1000 4157 1059 4194 cun·
1110 4147 1143 4198 1.
1161 4143 1235 4214 Seia.
1258 4142 1349 4213 tt.ffi
1366 4143 1404 4196 nd
1419 4145 1483 4198 dCt.
1508 4142 1602 4212 Vellej.
1620 4153 1647 4194 et
1664 4142 1785 4213 pluribus
1808 4147 1872 4200 aliis

293 4227 483 4286 siderationem
503 4224 593 4277 uenire
610 4222 724 4293 quilibet
741 4221 878 4290 intelligit.
900 4223 958 4274 Hoc
975 4222 1058 4290 mugit
1111 4231 1184 4284 locis.
1206 4223 1368 4281 Deficientes
1386 4226 1458 4278 idern
1477 4227 1600 4296 imperat.
1612 4230 1644 4280 L·
1663 4227 1871 4284 Testamentum.

294 4326 335 4372 est
347 4311 503 4372 notandum,
517 4310 604 4378 ipsum
619 4309 714 4360 mortis
727 4304 919 4368 articulnm,iu
931 4322 982 4374 quo
995 4319 1058 4358 nun-
1113 4323 1154 4365 tr.
1172 4315 1205 4367 L.
1225 4312 1360 4364 notuimus.
1381 4321 1423 4363 so.
1442 4313 1475 4362 L.
1496 4309 1695 4379 arnbiguitoter.
1716 4320 1758 4360 rt.
1782 4313 1817 4368 0.
1842 4317 1875 4368 αθ

279 4395 513 4453 -stitutidicuntur
527 4387 1059 4462 Agonltttnles,sdivers'tsdivertemusi·
1116 4401 1232 4453 septam.
1250 4406 1277 4446 et
1294 4394 1402 4466 passim.
1422 4391 1573 4446 Semineces
1591 4403 1619 4445 et
1637 4393 1822 4448 Semianimes.
1840 4401 1872 4451 ι,

296 4480 404 4544 deseri,
422 4479 477 4532 lete
494 4475 642 4540 nimimm,
659 4475 766 4539 stricte,
786 4483 814 4528 et
831 4473 1009 4526 strictissime.
1029 4476 1061 4528 tu
1112 4480 1253 4553 ppenictm.
1276 4489 1314 4530 te.
1333 4477 1366 4532 C.
1385 4475 1446 4528 eod·
1465 4475 1570 4546 AEgros
1588 4476 1671 4527 etiarn
1689 4478 1804 4546 appellnt
1821 4481 1871 4532 Ju.

281 4563 387 4622 latiori
405 4555 573 4633 significatu,
592 4575 685 4612 ornnes
702 4557 764 4626 qui,
790 4557 904 4610 mediate
927 4559 1060 4627 quamuis,
1111 4566 1198 4618 liunus
1217 4564 1247 4616 iu
1261 4563 1293 4615 12.
1296 4558 1381 4630 filine
1394 4569 1534 4612 meae-ts.
1537 4553 1579 4626 ff
1592 4558 1674 4612 solut.
1691 4569 1770 4611 muer.
1782 4576 1874 4627 quum.

296 4649 329 4702 sd
346 4645 431 4700 finem
448 4643 518 4697 '5²¹⁶
537 4641 664 4707 trudunt,
684 4651 711 4694 ‘l
727 4640 884 4710 genestinis
900 4656 993 4694 ΟΜΝ*
1011 4641 1059 4696 lm-
1111 4651 1151 4704 sis
1169 4647 1240 4699 inter
1257 4645 1305 4697 hos
1328 4641 1505 4696 differentium
1524 4639 1662 4709 quemdem
1688 4651 1778 4713 ponet.
1801 4644 1875 4700 Puul.

296 4734 385 4788 mines
404 4725 461 4780 dici
479 4736 595 4798 possunt
613 4725 641 4778 ln
661 4726 771 4780 articulo
788 4727 884 4780 mortis
908 4725 1060 4789 constituti,
1113 4729 1238 4783 Zscrlties
1264 4736 1366 4800 quaest.
1386 4727 1453 4778 med.
1472 4725 1522 4795 leg.
1541 4723 1587 4776 lid·
1608 4735 1633 4775 ι.
1657 4723 1698 4776 tit.
1726 4736 1748 4777 t.
1773 4741 1876 4797 quaese.

294 4812 507 4889 quandoquidem
527 4829 598 4866 mors
616 4830 721 4883 semper
739 4822 810 4866 certe
829 4829 886 4866 esse
904 4810 1011 4864 dieitur.
1030 4812 1062 4863 L.
1116 4824 1156 4865 ts.
1175 4831 1204 4866 ιι.
1225 4823 1265 4864 tt.
1284 4819 1313 4862 ut
1330 4810 1363 4862 eb
1380 4807 1581 4877 agonizantibus
1594 4807 1738 4860 secundum
1752 4812 1839 4874 maius
1848 4824 1877 4868 et

297 4897 406 4972 legatie
428 4907 450 4950 t.
468 4891 492 4968 ἓ.
511 4893 577 4948 dies.
598 4893 716 4965 ²·ffid·
744 4894 855 4949 Condit.
881 4901 907 4946 et
930 4894 1011 4945 Dent.
1035 4901 1063 4945 el
1113 4895 1201 4948 minus
1221 4891 1350 4964 temporis
1369 4891 1487 4964 spetlum
1501 4890 1612 4943 distent.
1631 4888 1732 4944 Christ.
1750 4889 1878 4946 Besoldus

297 4984 420 5057 quotidie
437 4980 579 5038 secundum
595 4991 702 5034 naturae
717 4980 869 5038 mutabilem
883 4977 1005 5032 ordinem
1017 4975 1064 5030 de·
1119 4978 1195 5032 Tltes.
1214 4981 1308 5032 Pmet.
1327 4992 1389 5028 voe.
1409 4973 1544 5029 sterbend.
1563 4973 1603 5026 De
1622 4991 1730 5046 corpore
1755 4989 1879 5032 exeuntes

297 5071 431 5132 oedtmm,
448 5069 517 5122 Non.
538 5078 564 5117 t.
580 5081 603 5118 e.
625 5075 648 5115 t.
666 5081 707 5135 pr.
726 5075 753 5120 et
775 5065 895 5136 quotidie
918 5063 1063 5118 secumdum
1114 5071 1238 5116 nocentur
1256 5061 1286 5112 in
1304 5063 1378 5116 Con.
1396 5059 1424 5112 ei
1439 5058 1509 5130 quis·
1530 5071 1553 5111 e.
1572 5075 1667 5113 caure.
1680 5067 1722 5112 ts.
1735 5071 1838 5132 penest.
1853 5076 1878 5116 e.

295 5151 471 5223 Philosophos
489 5159 579 5221 portes
598 5148 716 5218 corporis
734 5148 819 5202 nostri
838 5146 980 5212 decedunt,
997 5164 1063 5217 ρισ-
1113 5146 1188 5199 etin
1205 5145 1282 5198 exitu
1301 5143 1396 5196 mortis
1420 5159 1478 5196 esse
1502 5141 1538 5194 il.
1563 5141 1604 5194 Ex
1627 5161 1738 5214 corpore
1758 5143 1880 5200 recedere

297 5241 458 5310 ponebatur
474 5241 508 5292 L.
530 5247 572 5288 te.
591 5233 620 5288 in
629 5234 688 5304 fin.
697 5233 738 5303 ff
757 5233 790 5288 de
802 5233 864 5303 jud.
882 5244 909 5287 et
926 5243 1063 5288 terrama·
1113 5232 1187 5285 Can.
1206 5227 1240 5280 de
1256 5229 1299 5280 tte
1316 5243 1392 5283 uero.
1414 5236 1438 5277 s.
1456 5225 1482 5278 d.
1500 5243 1556 5278 ens.
1575 5235 1601 5278 et
1613 5237 1717 5298 quaest.
1731 5229 1761 5279 ln
1775 5229 1878 5282 ultimis

299 5325 354 5393 riqr
374 5333 427 5376 tent
446 5321 475 5374 in
492 5335 569 5391 pete,
587 5336 666 5388 quum
686 5317 714 5370 iu
738 5317 820 5383 bello,
845 5329 873 5370 et
897 5326 950 5371 tarn
975 5315 1063 5384 domi,
1114 5314 1194 5386 positi
1215 5313 1340 5368 dicuntur
1358 5313 1430 5367 can.
1450 5311 1619 5380 agnovimus.
1643 5325 1682 5366 ts.
1700 5313 1725 5365 d.
1744 5313 1762 5364 l.
1782 5315 1812 5366 ln
1831 5332 1878 5384 pe-

299 5431 377 5484 quam
395 5410 509 5466 militine
527 5407 620 5463 multis
637 5405 782 5477 generibus
801 5402 896 5459 mortis
917 5402 1063 5475 periculum
1085 5393 1092 5484 Ι
1115 5399 1198 5454 riculo
1217 5398 1312 5454 mortis
1329 5395 1421 5471 positi·
1441 5394 1513 5451 Con.
1533 5395 1567 5450 ul
1586 5393 1716 5468 infimis.
1739 5410 1760 5450 t.
1784 5413 1877 5454 causo.
