4424 6340
853 647 1192 728 msnnnnmo
1218 645 1466 726 SECUNDA

1128 820 1189 876 na

479 973 1079 1116 annueramus,
1115 971 1850 1104 connuncupant.

717 1190 780 1245 ΔΙ)
809 1189 839 1243 t.
873 1201 896 1244 o.
927 1185 993 1242 FF.
1024 1187 1087 1240 DE
1116 1185 1406 1244 Exnnaonn.
1437 1187 1633 1245 cultant.

871 1356 926 1398 mn
951 1332 1003 1400 30.
1028 1355 1179 1398 nsonnnn.
1203 1355 1287 1398 arno
1310 1355 1465 1400 uncum.

1005 1507 1332 1552 ΗΗΜΜΝΗ

861 1637 1126 1706 sannen
1174 1636 1488 1726 suasuro,

806 1813 875 1873 SUB
913 1811 1097 1869 PllAESlDlo
1126 1813 1186 1870 DN.
1217 1813 1547 1872 unisonantiam.

927 1999 1427 2042 ψ

971 2183 1407 2256 FELICITER!

395 2372 611 2540 Principio
633 2471 762 2528 rerum,
786 2440 1251 2534 Gentium,llationumque,
1275 2457 1452 2540 postquam
1479 2445 1680 2514 Societalum
1702 2444 1879 2515 constituta
1905 2447 1979 2538 jura

395 2561 498 2637 atque
511 2546 592 2635 jacta
608 2537 824 2605 fundamenta
840 2553 950 2616 erant,
968 2534 1037 2626 ipse
1053 2557 1107 2600 eas
1121 2535 1337 2603 conservandi
1353 2539 1489 2605 innatus
1502 2535 1602 2604 ardor
1615 2551 1822 2606 contractum
1841 2535 1981 2605 necessi·

395 2648 497 2704 tatem
508 2629 721 2720 efflagitabat.
740 2625 890 2692 lllundus
903 2627 1013 2706 enim,
1029 2625 1091 2716 qui
1107 2623 1321 2716 Protoplastis
1333 2628 1447 2720 copiae
1461 2641 1577 2710 erant,
1592 2631 1629 2696 in
1645 2631 1701 2696 ino
1727 2629 1777 2695 iae
1793 2629 1893 2718 ipsis,
1930 2647 1982 2690 ro-

397 2739 473 2819 pter
497 2718 694 2791 horrendam
718 2718 809 2785 illam
832 2715 960 2798 ἀνιμύ,
975 2739 1080 2784 cornu
1102 2719 1376 2806 convertebatur,
1401 2717 1484 2786 lude
1516 2719 1632 2812 itaque
1662 2653 1868 2813 indigentiae
1892 2651 1985 2784 illius

398 2813 600 2893 communis,
628 2834 730 2906 quam
749 2807 857 2876 adbuc
880 2807 979 2876 bodie
1001 2808 1193 2897 experimur
1216 2830 1344 2896 omnes,
1367 2809 1554 2878 arcessenda
1578 2810 1743 2902 principia
1767 2829 1858 2878 sunt.
1883 2805 1984 2899 Quod

399 2907 540 2976 Croesus
554 2903 654 2987 alter,
669 2902 754 2968 alter
769 2903 856 2982 Irus,
868 2899 978 2967 eidem
994 2898 1078 2965 sonti
1093 2898 1258 2990 originem
1270 2899 1379 2966 debet.
1390 2900 1561 2991 Quoniam
1577 2925 1656 2968 vero
1670 2914 1790 2968 natura
1806 2902 1905 2970 homo
1920 2897 1986 2966 Po·

400 2999 531 3065 liticum
547 2993 672 3062 animal
687 3004 748 3072 est,
764 3001 866 3082 atque
880 3015 897 3057 a
925 3002 995 3057 tum
1011 2988 1053 3056 ad
1070 2989 1261 3057 Societatem
1278 2991 1448 3058 colendam
1462 2991 1844 3074 natum,Contractuum
1860 2988 1988 3058 auxilio

402 3089 478 3157 huic
494 3083 702 3154 incommodo
716 3083 805 3148 itum
820 3093 868 3149 est
883 3015 1026 3148 obviam.
1043 3081 1133 3148 llinc
1156 3081 1375 3172 permutando
1400 3083 1605 3174 indigentiae
1627 3107 1707 3150 suae
1730 3097 1831 3176 atque
1855 3080 1987 3172 inopiae

427 3179 597 3246 uaesivere
612 3173 837 3266 emplastrum.
855 3172 1062 3264 Plerumque
1077 3173 1170 3239 euim
1186 3174 1378 3258 eveniebat,
1394 3187 1434 3240 ut
1444 3173 1536 3266 quod
1552 3173 1647 3240 alteri
1663 3185 1850 3266 supererat,
1862 3172 1989 3239 deesset

403 3207 510 3338 beeri:
526 3267 586 3334 illo
600 3288 695 3347 vero,
711 3287 782 3357 quo
797 3263 987 3331 abundabat
1000 3265 1098 3344 alter,
1115 3265 1199 3331 alter
1213 3262 1392 3356 indigeret.
1410 3265 1502 3331 Bene
1516 3263 1656 3357 quidem
1672 3265 1750 3334 baec
1765 3263 1987 3359 procedebant

329 3421 336 3434 ,
405 3357 570 3452 quamdiu
595 3356 652 3422 ille
661 3409 672 3439 ,
695 3353 789 3447 quod
812 3354 866 3422 bic
881 3354 1098 3440 desideraret,
1113 3367 1146 3420 et
1162 3355 1231 3439 bic,
1248 3354 1338 3448 quod
1354 3355 1411 3422 ille
1425 3355 1489 3424 reci
1536 3368 1602 3440 ret,
1618 3355 1805 3424 habebanta
1822 3355 1887 3424 snt
1911 3375 1986 3420 cum

407 3448 442 3516 id
458 3447 548 3515 haud
562 3470 637 3514 raro
652 3445 776 3513 deesset
792 3443 997 3512 incommoda
1012 3445 1071 3512 boe
1085 3450 1352 3514 commerciorum
1369 3471 1475 3538 genus
1489 3379 1579 3513 baeud
1595 3447 1647 3513 exi
1674 3471 1714 3514 ua
1725 3471 1882 3515 mansere.
1897 3443 1988 3536 Ope·

407 3564 464 3608 rae
480 3540 595 3632 itaque
612 3537 758 3628 pretium
773 3551 859 3603 teste
873 3533 989 3602 Paulo
1003 3535 1094 3604 JCto
1108 3540 1147 3604 in
1159 3537 1207 3605 L.
1227 3563 1255 3606 1.
1268 3562 1322 3631 pr.
1325 3535 1370 3627 ff
1387 3537 1432 3605 de
1449 3537 1612 3606 contrat.
1667 3555 1748 3631 mpt.
1762 3537 1888 3618 suit,ut
1901 3553 1987 3602 certa

409 3630 546 3697 materia
562 3629 754 3720 eligeretur,
768 3629 865 3716 cujus
877 3625 1010 3783 publica
1025 3651 1062 3692 ac
1078 3640 1234 3720 perpetua
1244 3629 1428 3696 aestimatio
1438 3628 1690 3695 difficultatibus
1705 3628 1990 3722 permutationum

410 3719 611 3812 aequalitate
626 3717 823 3811 quantitatis
836 3740 877 3784 su
902 3717 1038 3784 reniret.
1054 3717 1215 3786 Nummus
1231 3718 1486 3798 inveniebatur,
1502 3720 1561 3811 qui
1585 3720 1737 3786 omniurn
1754 3745 1869 3787 rerum
1891 3717 1989 3783 meti-

411 3825 507 3878 retur
519 3811 677 3891 valorem,
690 3826 724 3874 et
736 3808 981 3899 proportionata
996 3808 1224 3878 aestimatione
1235 3811 1276 3876 ad
1293 3811 1526 3900 aequalitatem
1542 3807 1724 3880 reduceret.
1735 3810 1826 3880 Novo
1839 3811 1899 3876 hoe
1914 3831 1990 3900 per-

413 3899 564 3969 mutandi
581 3923 701 3992 genere
716 3921 776 3989 per
790 3921 969 3964 nummum
984 3897 1140 3984 invento,
1153 3923 1234 3967 nora
1251 3899 1494 3992 quodammodo
1508 3899 1719 3992 obligationis
1741 3901 1895 3969 successit
1917 3921 1992 3988 spe·

414 3993 635 4082 cies,Emptio
651 3989 815 4056 nimirum
824 4002 856 4056 et
866 3989 1036 4057 Venditio.
1050 3989 1292 4057 permutationi
1309 3989 1448 4081 quidem
1460 3989 1550 4058 lraud
1563 3991 1645 4058 adeo
1661 3993 1741 4060 baec
1755 3989 1922 4059 dissimilis
1938 3987 1987 4055 L.

418 4111 449 4150 2.
450 4085 497 4175 ff
508 4081 552 4148 de
569 4081 648 4148 Iler.
665 4079 819 4147 Permut.
836 4103 904 4146 non
921 4092 1031 4146 tamen
1050 4081 1147 4171 plane
1159 4107 1233 4148 cum
1250 4079 1493 4148 eademeadem
1505 4081 1554 4149 L.
1574 4083 1654 4174 ιβ’.
1665 4081 1701 4150 d.
1716 4099 1741 4150 t.
1752 4099 1785 4150 et
1796 4083 1842 4150 l..
1864 4105 1893 4149 r.
1910 4079 1942 4168 ἃ.
1959 4105 1987 4146 r.

404 4177 451 4268 ff.
462 4173 505 4244 de
518 4173 564 4240 P.
582 4171 631 4244 V.
643 4171 707 4237 llic
720 4169 935 4237 contrahendi
952 4170 1068 4238 modus
1083 4166 1123 4237 ad
1134 4185 1241 4239 nostra
1252 4196 1390 4264 qnoque
1401 4184 1559 4264 tempora,
1569 4175 1670 4265 priori
1690 4187 1799 4242 tamen
1811 4196 1879 4240 uon
1895 4171 1993 4264 plane

417 4266 556 4352 abolito,
580 4262 779 4356 permansit,
803 4273 852 4327 sat
874 4259 1134 4344 commoditatis,
1158 4262 1200 4329 ad
1224 4265 1415 4331 ulteriorem
1439 4263 1610 4331 Societatis
1632 4265 1798 4332 humanae
1819 4265 1992 4330 continens
2052 4311 2056 4318 -

417 4357 706 4424 conservationem.
724 4351 807 4436 Sed,
820 4354 878 4419 uti'
886 4365 1036 4419 constans
1049 4367 1152 4444 atque
1165 4356 1258 4420 omni
1273 4377 1315 4420 ex
1332 4368 1424 4444 parte
1439 4355 1606 4447 integrum
1624 4357 1660 4422 in
1677 4381 1791 4424 rerum
1806 4373 1923 4421 natura
1940 4377 1994 4419 re·

417 4449 548 4554 peritur
564 4443 666 4525 nihil,
682 4443 771 4537 quod
785 4465 852 4508 non
876 4443 1035 4509 vitiorum
1058 4445 1169 4536 aliqua
1184 4446 1426 4512 contaminetur
1439 4445 1528 4512 labe:
1551 4445 1698 4514 Perinde
1721 4469 1861 4553 quoque
1883 4468 1917 4513 se
1940 4468 1993 4510 res

416 4561 453 4604 rn
468 4535 624 4604 omnibns
639 4533 707 4603 lere
722 4532 944 4600 contractibus
960 4534 1067 4602 habet.
1083 4534 1175 4604 Cum
1186 4536 1276 4602 enim
1294 4535 1417 4603 multae
1440 4536 1632 4604 bominibus
1646 4539 1688 4604 ad
1711 4539 1898 4632 nequitiam
1921 4535 1994 4602 viae

418 4629 501 4711 sint,
518 4651 577 4719 per
593 4626 676 4695 Νον.
704 4651 755 4692 22.
779 4649 855 4718 cop.
880 4649 932 4690 22.
958 4624 1100 4717 Semper·
1120 4628 1249 4694 inventi
1272 4627 1421 4694 homines
1444 4650 1589 4722 nequam
1609 4641 1706 4712 sunt,
1728 4635 1792 4722 qui
1814 4626 1995 4696 calliditate

416 4745 494 4804 sna,
512 4718 564 4786 vel
579 4717 689 4808 potius
705 4718 855 4810 nequitia
873 4768 882 4798 ,
899 4739 938 4782 eo
953 4719 1114 4808 progressi
1128 4715 1297 4801 audaciae,
1319 4731 1358 4783 ut
1381 4719 1493 4784 omnia
1517 4721 1553 4786 in
1578 4721 1762 4811 propriam,
1775 4719 1908 4812 publica
1924 4743 1995 4785 sus-

417 4834 486 4902 que
508 4807 617 4898 deque
639 4808 770 4890 habita,
786 4807 966 4873 utilitatem
989 4821 1180 4876 convertere
1203 4808 1293 4875 haud
1316 4809 1536 4897 erubuerint,
1566 4811 1610 4878 Ut
1633 4835 1762 4880 eversos
1785 4835 1861 4878 esse
1884 4835 1997 4877 mores

418 4923 563 4989 regnare
588 4898 797 4988 nequitiam,
813 4899 849 4963 in
864 4897 1017 4965 deterius
1033 4925 1086 4968 res
1101 4899 1274 4966 dumanas
1289 4904 1374 4968 etin
1397 4923 1497 4968 omne
1520 4901 1625 4992 nefas
1648 4901 1722 4969 labi
1732 4952 1742 4991 ,
1765 4899 1885 4969 exinde
1909 4914 1996 4969 recte

418 5014 494 5056 cum
511 4985 629 5056 Senec.
643 4987 703 5054 lib.
724 5011 751 5052 r.
768 4987 811 5054 de.
828 4987 974 5081 Beurfic.
990 5015 1020 5057 c.
1043 5015 1090 5058 ιο.
1107 4992 1185 5098 quis
1205 4991 1305 5082 possit
1329 4991 1498 5082 conqueri.
1522 4992 1693 5085 Imprimis
1708 5016 1786 5062 vero
1802 4992 1858 5058 illa
1875 4991 1995 5060 saeculi

420 5080 583 5170 pravitas,
598 5092 632 5144 et
647 5077 803 5144 fraudum
817 5079 908 5168 pleni
926 5103 1047 5164 mores,
1063 5085 1132 5150 lucr
1146 5081 1299 5172 publicae
1316 5083 1350 5146 in
1375 5093 1562 5166 contractu,
1580 5109 1682 5176 quem
1698 5085 1789 5165 dixi,
1807 5083 1999 5175 Emptionis

420 5184 454 5235 et
469 5166 695 5254 Venditiouis,
716 5181 942 5259 exponuntur.
961 5171 1053 5239 Licet
1068 5174 1160 5240 enim
1176 5173 1459 5266 Negotiatoribus,
1473 5190 1506 5239 et
1521 5177 1713 5265 praesertim
1737 5176 1818 5258 illis,
1860 5177 1895 5243 ni
1914 5175 1999 5240 circa

420 5282 586 5326 annonam
604 5271 795 5340 versantur,
810 5263 980 5351 cognitum
992 5265 1117 5352 optime
1132 5265 1185 5348 sit,
1201 5263 1393 5354 largissimis
1408 5288 1441 5329 se
1457 5263 1622 5334 decoratos
1637 5202 1928 5359 privilegiisbum
1946 5267 2000 5330 in-

421 5363 473 5417 ter
487 5361 629 5434 caetera,
645 5349 809 5442 quamdiu
827 5351 862 5414 in
879 5353 1042 5442 ejusmodi
1067 5373 1138 5421 actu
1155 5367 1252 5432 sunt,
1273 5377 1290 5418 a
1315 5355 1513 5422 muneribus
1537 5358 1680 5449 publicis
1704 5359 1898 5425 immunitas
1922 5360 2002 5446 ipsis

421 5464 585 5526 concessa,
600 5443 635 5509 in
651 5443 701 5511 L.
718 5465 852 5534 semper
868 5442 897 5508 5.
914 5445 942 5534 ἃ.
969 5443 1000 5510 3.
1004 5448 1050 5538 ff
1065 5444 1107 5512 de
1121 5445 1190 5512 Jur·
1212 5449 1351 5513 immun.
1367 5447 1410 5514 ob
1426 5446 1630 5539 elegantem,
1654 5473 1739 5544 quae
1754 5449 1790 5515 in
1803 5448 1838 5516 d.
1857 5451 1904 5518 l..
1921 5448 2000 5518 sub-
