4404 6274
306 461 373 528 iola

858 453 1202 515 enooentotr.

1679 461 1749 528 sola

231 557 354 626 fuerim
378 563 532 624 secutus:
557 551 737 622 excusabor
760 559 872 619 temen
900 551 1019 619 facilis:
1046 575 1105 620 nec
1128 554 1220 620 enim
1252 553 1377 647 stylum
1404 552 1509 646 hujus
1538 551 1671 624 illinere
1698 557 1818 651 judicii

230 647 418 714 describere
440 645 574 712 animus
598 643 678 724 luit,
701 641 793 737 quod
816 643 851 709 in
875 639 945 708 loro
970 643 1196 710 versutissimis
1219 645 1377 740 relinquo
1392 644 1530 733 lubens,
1551 647 1608 713 sed
1623 669 1709 752 pirae
1725 648 1818 756 apud

230 739 376 804 doctores
398 737 535 826 sparsim
558 735 601 800 de
623 735 706 828 stylo
728 733 839 801 curiae
863 743 1010 814 tractate,
1035 731 1092 799 illa
1115 733 1279 826 colligere,
1297 761 1332 804 ec
1349 739 1385 803 in
1401 737 1551 804 ordinem
1569 736 1732 830 redigere,
1749 762 1816 806 cmo

231 826 323 894 hund
347 848 420 893 raro
443 825 484 890 od
508 839 595 892 certa
620 825 786 916 principia
808 845 959 890 revocare
982 823 1086 890 volui.
1102 823 1172 890 Hoc
1192 848 1267 892 eero
1281 844 1314 893 et
1326 825 1517 895 academicis
1541 827 1708 895 exercitiis
1723 851 1817 920 posse

231 915 393 1007 expediri,
418 917 533 984 nullus
556 915 686 984 dubito.
712 913 814 1004 Quod
836 913 864 980 si
889 921 999 980 nmen
1016 937 1083 980 non
1101 913 1212 982 ubivis
1226 941 1294 984 rem
1311 943 1370 985 cen
1388 931 1507 986 tactam
1524 915 1659 1000 rideris,
1683 921 1815 988 veniam

231 1007 331 1071 aetati
356 1029 462 1087 mene,
486 1005 637 1074 discendi
660 1006 821 1098 cupidae,
845 1003 899 1070 cui
923 1005 967 1068 ob
990 1001 1121 1072 confuse
1145 1003 1318 1074 doctorum
1344 1009 1382 1074 in
1406 1009 1465 1076 hac
1489 1008 1626 1077 materia
1649 1011 1817 1102 principia

232 1093 300 1188 la'bi
324 1095 519 1178 facillimum
543 1097 619 1188 suit,
642 1095 803 1191 largieris.
828 1092 953 1162 DEUS
976 1093 1133 1164 secundet
1156 1099 1363 1191 progressus!

853 1301 1102 1370 CAPUT
1148 1303 1176 1372 1.

556 1465 616 1535 De
640 1465 870 1558 descriptione
892 1467 979 1559 styli
1001 1469 1120 1536 curiae
1142 1469 1313 1536 nominali
1335 1485 1368 1536 et
1393 1471 1494 1540 reoli.

412 1658 753 1716 connum

226 1912 409 1988 agl'firmatiea
427 1910 550 1981 rejicitur
565 1911 599 1967 ab
618 1911 738 1967 rationes
761 1911 902 1966 adductae.
921 1930 947 1964 ιι.
969 1925 992 1966 s.

267 2008 290 2050 l.
312 2011 338 2050 b.

224 2078 447 2152 significantium
464 2077 662 2134 vocabulorum
689 2079 767 2152 origo
786 2079 856 2135 uin's
870 2080 992 2152 pruden-

264 2163 335 2219 tibus
353 2163 476 2218 inanime
493 2162 664 2218 adscribitur.
684 2181 710 2216 ιι.
731 2179 755 2218 e.
776 2178 800 2219 ι.

224 2249 334 2302 Horum
351 2246 531 2307 evolutionem
547 2249 663 2303 crudem
679 2247 782 2318 logici.
800 2265 826 2304 n.
845 2262 871 2304 e.

228 2331 311 2402 Quot
327 2332 506 2402 approbatur.
524 2349 552 2382 a.
571 2344 595 2384 s.
618 2343 658 2386 to.

225 2413 266 2469 Et
283 2433 302 2469 a
320 2414 404 2470 Jcrts
428 2417 576 2470 uerborum
601 2413 735 2470 rationem
758 2413 882 2470 habitare
894 2414 992 2487 fuisse

232 2545 236 2552 .
261 2499 418 2560 ostenditur.
436 2517 462 2553 ιι.
485 2511 525 2552 ιι.
548 2510 592 2552 tr:

230 2582 366 2638 Vocabuli
381 2581 446 2652 styli
461 2581 602 2636 deriuatio·
620 2598 647 2633 n.
669 2591 709 2636 tt.

221 2664 295 2735 Ejus
310 2662 518 2736 significationis
536 2664 619 2718 ucria
637 2664 769 2718 cetensio.
791 2683 817 2718 ιι.
836 2675 876 2720 tt.
893 2675 933 2720 tt.
950 2678 990 2721 te.

264 2758 302 2800 ll·
327 2759 367 2802 lb·
390 2759 431 2802 lb.

222 2833 365 2888 Dementia
384 2852 402 2887 a
419 2831 548 2903 strlando
567 2830 747 2900 irnprobatur.
766 2849 794 2884 ιι.
815 2843 857 2887 tc.

222 2914 399 2987 Ambiguitas
416 2916 548 2970 vocabuli
564 2916 636 2986 styli.
655 2933 681 2969 ιι.
703 2927 746 2969 ιι.
764 2933 838 2990 sequ.

222 3001 389 3070 Explicatur
401 2999 520 3071 phrasis,
537 3001 637 3072 stylum
653 3000 862 3074 proscriptionis
873 3001 990 3058 tarum·

227 3119 228 3122 =
259 3102 342 3140 ren.
362 3096 405 3139 tt.
425 3096 467 3138 tt.

220 3168 393 3241 significatio
417 3168 548 3225 vocabuli
566 3169 652 3242 styli,
674 3189 746 3242 puae
768 3171 851 3243 hujus
868 3180 909 3226 est
924 3169 988 3225 loci.

255 3273 283 3306 ιι.
304 3265 346 3308 tt.

223 3337 394 3394 Vocabulum
412 3338 503 3394 aerim
521 3339 592 3393 unde
609 3338 771 3394 descendm?
787 3357 814 3392 ιι.
835 3351 877 3394 tt.
901 3350 944 3395 ιι.

223 3424 393 3480 Vocabulum
409 3425 502 3482 curiae
518 3441 600 3496 quom
617 3424 698 3480 carie
716 3424 887 3497 accipiatur?
901 3445 928 3480 ιι.
944 3439 986 3481 st.

253 3527 323 3581 seqq.

217 3596 311 3666 crytae
327 3595 420 3650 euriae
436 3595 574 3665 quomodo
597 3611 648 3666 per
672 3595 731 3650 clia
748 3595 888 3651 uocabula
905 3613 988 3668 cyno·

251 3697 336 3752 nyma
353 3679 475 3750 effertur.
492 3697 519 3730 ιι.
540 3692 582 3734 ss.
598 3695 673 3752 repo.

220 3766 354 3836 Definitio
371 3767 439 3838 styli
454 3765 554 3820 curiae.
573 3783 599 3816 ιι.
619 3775 662 3818 te.

216 3850 293 3919 Ejus
309 3867 394 3923 genus
412 3849 573 3923 defenditur.
591 3867 619 3902 ιι.
639 3860 681 3902 tt.
699 3867 770 3920 seqq.

218 3935 326 4004 Scylace
350 3951 406 3988 non
429 3935 561 4005 pertinere
584 3933 624 3986 acl
647 3949 794 3990 causarum
821 3933 985 3991 decisionem

253 4029 349 4074 contre
367 4018 564 4074 Panormitan-
583 4019 725 4074 astere'tur·
744 4037 771 4072 ιι.
792 4033 834 4072 ts.

216 4105 274 4160 Nec
291 4105 403 4160 extendi
414 4121 494 4178 passe
507 4103 665 4174 abnegatio
684 4102 909 4173 eecojuetctotta
919 4124 985 4162 oan-

249 4197 297 4242 -tro
316 4188 414 4260 Angel.
435 4188 534 4242 bretin.
552 4187 695 4244 remissive.
715 4204 741 4239 ιι.
762 4200 804 4242 tt.

158 4291 161 4299 ’
217 4274 384 4347 Differentiae
401 4276 467 4346 stytr'
482 4276 575 4332 curtae
589 4275 658 4328 unde
668 4276 828 4344 desumpto?
841 4295 867 4330 ιι.
884 4289 925 4330 ee.
940 4289 982 4330 se.

214 4363 308 4414 Hares
335 4373 362 4414 et
391 4361 557 4416 ramusculo
585 4377 623 4417 aa
652 4377 737 4416 ιιιιιιιιι
765 4363 820 4417 siat
847 4363 981 4435 idemque.

252 4464 278 4498 tt·
293 4458 343 4500 bb.
806 4485 810 4493 .

158 4549 163 4558 ·
212 4531 384 4586 Consuetudo
403 4541 429 4584 et
446 4545 535 4586 mores
550 4533 615 4602 pari
630 4531 739 4589 ratione
755 4553 774 4588 a
792 4533 863 4606 styla
889 4533 983 4588 curiae

248 4615 388 4687 differunt.
408 4637 435 4671 n.
456 4631 498 4674 aa.

217 4705 288 4757 Usus
305 4701 373 4773 auid
392 4713 418 4754 et
441 4704 579 4772 quamodo
599 4721 617 4758 a
633 4706 706 4775 stylo
728 4703 821 4760 cudae
844 4703 980 4775 discrepet.

236 4803 276 4838 tn.
296 4797 337 4841 61.

216 4872 294 4940 Quae
309 4872 346 4926 sit
362 4869 519 4942 differentia
536 4870 818 4928 interabsereaatlam
835 4881 862 4926 et
876 4876 980 4946 stylum

249 4957 350 5011 curius.
369 4976 396 5010 ιι.
416 4968 460 5012 tt.

214 5041 288 5113 Quid
302 5045 390 5100 Ilitus.
407 5061 434 5096 ιι.
456 5055 497 5098 tt.

165 5316 174 5360 t
254 5236 340 5356 Vim
358 5304 465 5360 roribus
485 5303 572 5358 inesse
590 5301 736 5358 naturalem
749 5310 777 5357 et
790 5317 879 5355 earum
891 5301 979 5372 signi·

209 5387 363 5446 ficationem
381 5402 461 5461 atmee
480 5391 694 5445 articulationem
712 5389 769 5461 ipsa
789 5393 878 5442 esrom
896 5387 980 5460 signi-

256 5517 259 5524 ·
326 5479 433 5550 altrykii
453 5481 554 5534 Vott.
650 5537 655 5545 ‚

1043 1655 1182 1712 beatarum
1194 1669 1219 1712 et
1232 1659 1351 1714 hominis
1363 1669 1457 1716 natura
1476 1660 1626 1714 institutam
1639 1677 1707 1728 esse,
1721 1671 1814 1718 contra

1044 1743 1237 1810 Hermogenem
1257 1747 1373 1799 asseruit
1387 1747 1515 1816 Princeps
1528 1745 1576 1799 ille
1587 1745 1814 1816 Philosophorum

1045 1829 1127 1881 Plato.
1146 1829 1286 1883 Kecherm.
1307 1836 1378 1902 elfere.
1397 1835 1465 1900 Lag.
1482 1839 1547 1884 rect.
1559 1834 1585 1884 Ι.
1598 1831 1661 1886 Lib.
1680 1844 1702 1885 t.
1713 1847 1774 1901 cap.
1791 1846 1813 1884 ι.

1042 1929 1070 1964 ιι.
1096 1927 1137 1966 so.
1163 1914 1238 1968 ldem
1264 1917 1381 1969 sensisse
1407 1915 1548 1986 Nigidium
1574 1916 1605 1968 in
1629 1917 1810 1986 grammaticis
1904 1935 1911 1942 ·

1043 1995 1098 2048 suis
1117 1999 1319 2052 commentariis
1334 1999 1411 2054 testis
1423 2010 1467 2054 est
1479 1999 1563 2053 holus
1573 2000 1679 2054 Gellius
1691 2001 1719 2054 ia
1734 2002 1813 2055 Noct.
1896 2061 1898 2066 ,

1043 2079 1127 2132 Attin.
1146 2079 1194 2133 lib.
1215 2094 1255 2134 to.
1274 2100 1297 2136 c·
1319 2093 1341 2133 t.
1360 2083 1414 2152 Qui
1432 2085 1593 2138 mutentiam
1616 2102 1690 2138 snam
1714 2084 1812 2156 proba·

1043 2171 1132 2227 turcs,
1155 2163 1272 2233 exempli
1292 2165 1347 2216 loeo
1365 2181 1439 2218 voces
1465 2165 1593 2234 masclam
1618 2167 1759 2236 producit,
1782 2172 1813 2220 in

1041 2244 1137 2315 quibus
1155 2249 1304 2300 naturalem
1323 2249 1438 2318 aliquem
1457 2249 1573 2321 spiritus
1591 2260 1617 2304 et
1633 2251 1689 2306 oris
1707 2258 1812 2321 gestum

1042 2337 1133 2382 notare
1151 2331 1255 2399 sategit.

1078 2416 1188 2478 Verum,
1200 2424 1259 2466 utut
1270 2413 1334 2468 haec
1349 2415 1482 2469 sententie
1501 2418 1659 2472 anctoritate
1677 2417 1743 2470 satis
1755 2418 1814 2472 eri·
1854 2417 1856 2424 ⁴

1042 2495 1095 2547 mia
1114 2496 1224 2559 nitatur,
1245 2497 1332 2549 eidem
1351 2508 1439 2550 tamen
1459 2499 1627 2552 subscribere
1635 2517 1689 2552 non
1702 2504 1816 2568 permit·

1041 2587 1101 2630 tunt
1118 2579 1235 2633 rationes
1253 2581 1282 2631 in
1304 2581 1469 2634 eontrarium
1495 2582 1761 2651 praegnantissimae.
1781 2585 1813 2637 Si

1041 2661 1114 2714 enim
1135 2678 1207 2717 rocca
1228 2663 1305 2716 nobis
1323 2664 1455 2734 rebusque
1474 2661 1564 2718 forent
1582 2665 1733 2730 naturales,
1751 2662 1816 2719 lieri

1042 2745 1121 2798 iliter
1141 2763 1194 2799 nco
1212 2757 1315 2818 posset,
1338 2765 1418 2818 quam
1438 2757 1468 2802 ut
1487 2765 1539 2802 una
1560 2765 1655 2802 omnes
1676 2759 1814 2804 uteremur

1040 2827 1131 2897 lingua
1149 2837 1176 2880 ct
1196 2831 1329 2884 sermonis
1347 2846 1457 2899 genere,
1477 2847 1664 2900 necunquam
1684 2829 1814 2884 mutatio·

1041 2931 1102 2966 nem
1120 2923 1273 2985 paterentur
1286 2931 1359 2968 rocca
1376 2925 1405 2969 et
1423 2914 1555 2980 vocabula,
1574 2930 1634 2968 cnm
1652 2915 1815 2968 naturalium

1040 2998 1104 3052 haec
1122 3000 1159 3052 sit
1176 2999 1333 3072 proprietas,
1353 3009 1383 3054 nt
1401 3015 1448 3052 nec
1467 2999 1618 3066 sacientur,
1637 3017 1685 3056 nec
1705 3008 1812 3055 muten-

1041 3093 1094 3136 tur.
1113 3085 1196 3140 Porro
1215 3092 1368 3154 sequeretur
1386 3101 1420 3139 ex
1440 3085 1487 3137 bac
1501 3083 1656 3156 hypothesi,
1670 3083 1740 3155 quod
1754 3083 1813 3155 qui·

1038 3167 1104 3221 libet
1112 3167 1210 3240 absque
1223 3169 1278 3222 ullo
1288 3170 1395 3240 amotio
1408 3169 1441 3224 ad
1455 3169 1608 3239 linguarum
1617 3168 1745 3224 notitiem
1755 3187 1815 3240 per·

1038 3256 1133 3309 venire
1150 3267 1255 3326 posset,
1275 3271 1323 3310 nee
1341 3273 1408 3327 opus
1427 3255 1549 3323 baberet,
1569 3264 1600 3309 ut
1622 3264 1700 3310 tanto
1725 3257 1814 3310 labore

1038 3357 1128 3394 rocam
1148 3340 1363 3396 articulationem
1381 3349 1459 3412 atquc
1477 3341 1623 3394 flexionem
1641 3341 1815 3406 addiscerem

1038 3424 1164 3480 facillime
1181 3427 1256 3480 enim
1274 3424 1406 3490 discitur,
1427 3425 1474 3480 ubi
1493 3435 1589 3480 natura
1614 3426 1744 3496 magister
1763 3435 1813 3478 est.

1037 3511 1115 3584 Quod
1133 3521 1276 3582 utrumque
1293 3523 1381 3567 tamen
1399 3511 1566 3584 experientia
1591 3513 1726 3566 contraria
1747 3513 1813 3564 setis
1869 3525 1872 3531 ·

1038 3614 1169 3668 superque
1187 3597 1301 3652 relutrt.

1072 3682 1239 3752 Quamquam
1257 3679 1287 3734 id
1305 3682 1396 3754 negrri
1421 3699 1476 3735 non
1495 3680 1597 3751 possit,
1617 3679 1677 3731 dari
1699 3679 1812 3732 nomina

1034 3784 1115 3836 quam
1135 3767 1260 3839 plurima,
1279 3783 1347 3837 quae
1364 3783 1454 3822 rernm
1474 3775 1595 3817 naturam
1614 3760 1729 3813 multum
1751 3777 1812 3813 esa·

1035 3861 1078 3906 cte
1095 3851 1250 3924 depingunt.
1263 3849 1331 3904 Cum
1344 3853 1418 3904 enim
1431 3844 1619 3900 onomathcsia
1632 3844 1749 3898 virorum
1770 3862 1811 3897 sa-
1865 3896 1869 3914 ,

1035 3937 1157 4009 pientuna
1176 3937 1267 4009 praxis
1285 3936 1338 4002 sit,
1357 3934 1401 3988 his
1423 3947 1484 3988 vero
1506 3930 1629 3984 intimior
1648 3929 1682 3983 ad
1700 3943 1811 3984 naturae

1035 4027 1182 4098 penetralia
1202 4033 1290 4098 petest
1308 4023 1412 4088 aditus,
1432 4020 1496 4074 binc
1518 4017 1618 4072 lactum
1637 4027 1679 4072 est
1692 4055 1700 4083 ,
1715 4026 1747 4070 ut
1768 4017 1812 4070 illi

1033 4127 1096 4182 prae
1114 4109 1228 4164 caeteris
1246 4108 1354 4162 nomina
1371 4105 1453 4162 rebus
1471 4102 1646 4174 congruentia
1674 4103 1811 4174 aptarim,

1037 4213 1130 4266 easque
1154 4194 1356 4249 denominarlnt
1374 4191 1474 4264 partim
1492 4211 1508 4245 a
1527 4189 1653 4254 materia,
1672 4191 1772 4258 partim
1797 4207 1812 4242 a

1034 4277 1103 4346 fine,
1123 4279 1222 4352 partim
1242 4277 1275 4333 ab
1293 4275 1433 4332 effectibus
1455 4284 1483 4330 et
1503 4271 1734 4346 proprietatibus,
1758 4273 1810 4327 all.

1035 4365 1108 4438 isque
1126 4362 1331 4430 characteribus,
1343 4361 1440 4432 quibus
1455 4377 1497 4414 ree
1511 4360 1580 4422 illae,
1596 4365 1716 4410 natricem
1731 4373 1808 4410 suam

1034 4451 1177 4506 coactetis
1196 4449 1327 4504 diversum
1349 4451 1592 4518 repraesentarunt·
1610 4441 1687 4494 Hanc
1708 4457 1807 4494 vocum
1846 4457 1859 4497 e

1033 4539 1089 4592 rim
1107 4545 1185 4608 atque
1202 4533 1325 4590 virtutem
1345 4529 1504 4602 praeprimis
1523 4535 1648 4582 nourunt
1662 4525 1762 4596 logici,
1777 4537 1810 4583 ut

1033 4634 1171 4696 propterea
1197 4618 1385 4690 Etymolcgiarn
1413 4614 1487 4672 vocis
1504 4623 1532 4667 et
1549 4613 1607 4680 ejus
1626 4612 1808 4666 evolutionem

1033 4709 1158 4762 omnibus
1171 4707 1263 4760 scdulo
1276 4699 1470 4764 commendent,
1486 4707 1618 4768 tamquam
1633 4698 1752 4768 primum
1768 4699 1809 4750 in·

1033 4788 1170 4860 telligculli
1189 4787 1364 4862 principium.
1378 4783 1519 4838 Keckerm.
1532 4786 1603 4852 dyst.
1620 4783 1688 4850 Lug.
1700 4791 1763 4833 sect.
1782 4791 1806 4840 ι,

1033 4895 1056 4930 c.
1080 4886 1105 4926 t.
1124 4894 1151 4928 n.
1172 4887 1214 4928 tto.
1236 4871 1306 4925 Adeo
1319 4871 1438 4942 quidem,
1457 4877 1486 4921 ut
1505 4868 1563 4921 sine
1577 4865 1696 4919 nominis
1715 4865 1804 4933 expli·

1033 4961 1137 5016 catione
1155 4977 1213 5016 rem
1232 4959 1298 5013 velle
1311 4970 1475 5026 moenera,
1490 4971 1547 5008 esse
1560 4962 1663 5023 tempus
1682 4948 1803 5020 perdere,

1034 5052 1275 5117 superaccesserat
1295 5059 1328 5094 rx
1347 5039 1460 5094 aliorum
1480 5047 1569 5091 mente
1587 5033 1738 5105 praedictus
1753 5033 1806 5083 hu-

1033 5143 1099 5186 ctor.
1117 5131 1168 5186 loc.
1186 5128 1231 5183 cit.
1250 5145 1277 5181 ιι.
1298 5136 1339 5180 to.
1359 5123 1436 5196 Quod
1451 5121 1609 5194 praesertim
1633 5119 1659 5169 in
1681 5117 1799 5169 nomini·
1838 5132 1853 5172 t

979 5239 983 5247 ·
1033 5217 1089 5280 bus,
1107 5231 1171 5286 quae
1189 5213 1285 5268 cultior
1304 5224 1372 5266 aetas
1391 5207 1534 5280 imposuit,
1552 5203 1654 5259 attendi
1673 5215 1802 5257 meretur.

1031 5301 1147 5356 Nomina
1160 5297 1242 5364 enim,
1261 5313 1327 5368 quae
1345 5295 1443 5368 primis
1457 5289 1624 5362 temporibus
1644 5285 1706 5340 aliis
1725 5287 1806 5340 rebus

1017 5384 1164 5456 ,imperim
1184 5392 1275 5456 postea
1292 5377 1402 5450 eleganti
1420 5376 1531 5448 quadarn
1556 5371 1672 5436 ratione,
1690 5389 1741 5442 qua
1762 5371 1809 5466 iu.u

1629 5467 1658 5512 bl
