4404 6274
330 503 394 560 sotir
651 501 700 557 DE
717 501 843 558 tntilli
863 501 1139 564 innocuorum
1159 505 1301 562 sltlttts
1320 503 1453 564 cuntlz.
1694 503 1776 560 'roba

256 611 375 656 statuere
392 595 457 670 qnid
477 605 577 670 potest,
594 595 627 652 in
645 598 807 670 scripturam
826 597 1030 669 rudipannis
1080 599 1195 656 dicioris
1211 611 1260 656 est.
1278 600 1428 670 Cusuysero
1447 597 1526 654 Natta
1545 597 1570 654 d.
1588 598 1650 654 1222
1668 600 1791 670 loquatur
1815 598 1849 654 de

256 683 408 740 intentione
427 683 518 750 illins,
534 683 581 754 qui
602 683 631 736 in
645 685 805 754 scriptorem
819 681 940 755 redigere
951 702 1027 740 rnen·
1080 687 1149 759 stylo
1170 696 1263 740 rcutru
1282 687 1327 755 ins
1349 684 1521 749 introducto,
1546 683 1596 738 boo
1614 684 1641 738 ei
1663 681 1743 738 senile
1769 685 1849 754 largi·

257 767 346 836 durlt,
365 777 486 822 constare
505 766 600 832 debet;
614 765 638 820 si
652 765 725 818 euim
739 764 1025 840 rcluit‚utirnpcste-
1081 788 1164 838 asur,
1188 769 1258 842 qnod
1284 768 1455 824 conniventia
1483 767 1620 840 Principis
1644 767 1678 822 ad
1701 766 1847 824 minimum

257 873 319 910 2222
337 868 384 926 pro
402 851 622 922 regenerentur,
642 867 704 918 seu,
722 849 747 914 ti
765 867 815 922 per
834 849 943 906 modurn
963 869 1027 906 sun·
1080 856 1243 923 necessaria,
1261 873 1331 928 quae
1354 855 1429 908 tacita
1455 851 1626 908 crrulirrnstio
1651 853 1710 908 dici
1733 854 1849 926 poterit,

255 937 354 994 anonis
373 953 513 1010 expressae
531 935 615 990 scribi
633 945 724 1002 curet,
743 935 808 1008 styli
821 947 944 992 naturam
964 957 1027 1010 pro·
1080 941 1195 996 multans
1213 949 1302 994 tanen
1320 937 1448 994 differens
1467 956 1484 991 a
1498 933 1852 1010 confirmatiouosxpressa.

255 1023 344 1095 priam
360 1021 484 1090 amittet,
503 1030 549 1087 et,
567 1020 609 1074 uti
626 1028 704 1072 antea
717 1019 818 1074 diolnru
830 1063 838 1088 ‚
852 1020 1029 1076 esadotcrdi·
1079 1024 1111 1079 Et
1128 1023 1193 1078 iude
1209 1041 1296 1094 qnoqr
1314 1032 1399 1096 patet,
1413 1021 1479 1094 quid
1491 1021 1662 1076 sentiendum
1671 1021 1705 1078 ds
1716 1023 1845 1096 opinione

255 1108 330 1162 natio
346 1105 504 1176 jndiciariur
522 1105 547 1157 ei
564 1120 627 1158 rerc
641 1100 673 1156 dc
686 1101 732 1156 ills
745 1115 835 1159 ruente
845 1122 897 1158 nou
907 1115 1027 1172 constet,
1080 1108 1191 1179 ioseph.
1209 1107 1334 1166 Lndoric.
1353 1108 1433 1162 decis.
1448 1121 1491 1162 22.
1501 1117 1577 1178 part.
1592 1117 1618 1160 2.
1629 1126 1658 1162 n.
1674 1121 1699 1164 2.
1713 1107 1760 1162 ubi
1774 1109 1847 1174 snit,

256 1190 341 1261 stylus
360 1199 499 1263 propterea
518 1187 548 1242 iu
567 1187 729 1258 scripturum
747 1187 874 1244 redactus
892 1199 1027 1256 censetur,
1079 1191 1149 1262 quod
1166 1191 1200 1246 ad
1218 1192 1284 1258 boo,
1302 1201 1333 1246 nt
1350 1191 1432 1261 stylus
1446 1189 1536 1244 ctoriae
1547 1192 1584 1244 sit
1595 1190 1795 1258 observandus,
1806 1208 1849 1244 rc·

255 1286 286 1329 nt
303 1293 334 1330 ec
352 1273 456 1328 fecilior
473 1273 595 1344 ejusden
613 1273 710 1328 existat
719 1273 859 1344 probatio,
879 1274 951 1328 Petr.
972 1275 1026 1328 lle·
1078 1279 1216 1348 uniretur,
1234 1275 1304 1348 quod
1317 1276 1354 1330 sit
1365 1271 1709 1330 coufirmutnsanctcritate
1725 1277 1849 1348 superio·

257 1357 322 1414 buli.
341 1359 374 1412 de
392 1359 551 1414 consuetud.
571 1357 651 1434 artie.
672 1367 697 1408 2.
714 1356 797 1428 gloss.
819 1368 859 1410 22.
878 1355 908 1410 in
918 1355 978 1428 fin.
996 1355 1030 1411 Et
1081 1360 1135 1427 ris,
1152 1359 1286 1415 uredisute
1305 1377 1352 1414 sne
1369 1359 1458 1430 aliqua
1479 1359 1669 1414 constitutione
1686 1359 1728 1414 rel
1747 1355 1847 1414 coufir-

256 1437 322 1500 bino
341 1443 484 1516 posteriori
503 1460 565 1498 casu
577 1441 662 1514 stylus
675 1451 782 1508 manat,
795 1457 857 1496 curn
867 1441 949 1509 illud,
958 1440 1028 1512 qnod
1080 1443 1205 1499 natione.
1224 1445 1282 1498 lloc
1299 1459 1362 1497 casn
1379 1444 1454 1497 enirn
1473 1445 1580 1514 stplnsa
1594 1453 1689 1497 ustura
1705 1459 1753 1496 sna
1767 1442 1851 1498 deeli-

254 1549 289 1589 22
308 1529 455 1584 abundanti
474 1529 594 1596 accedit,
612 1536 702 1582 acturo
720 1543 774 1582 nou
790 1527 1027 1593 vitietrelrnutet,
1080 1528 1156 1582 nabit
1168 1529 1317 1602 paulisper,
1330 1537 1360 1582 ut
1372 1535 1449 1582 antea
1462 1527 1582 1594 dictum
1595 1527 1665 1598 qnod
1684 1525 1791 1597 quidem
1804 1540 1851 1581 22-

259 1612 346 1690 priori
365 1629 427 1668 uero
446 1629 507 1666 casu
527 1615 611 1684 stylus
627 1613 688 1669 telis
706 1629 766 1666 esse
782 1611 900 1679 desinit,
918 1613 975 1667 nisi
986 1612 1028 1666 di·
1077 1613 1178 1685 plicant
1197 1613 1316 1668 doctores
1336 1611 1369 1664 de
1387 1628 1419 1666 eo
1436 1628 1515 1679 casn,
1531 1613 1636 1682 quoties
1655 1611 1737 1681 stylus
1764 1621 1850 1666 tntum

259 1699 349 1766 seris,
368 1698 438 1768 qrusd
457 1709 579 1772 respectu
604 1695 722 1767 originis
750 1705 841 1751 tatueu
865 1697 948 1769 stylus
970 1715 1026 1752 rus·
1079 1697 1273 1770 praejudicinm
1291 1713 1383 1750 causus
1401 1704 1429 1750 et
1447 1694 1548 1766 nepotii
1565 1693 1725 1767 principalis
1744 1710 1851 1748 concer-

256 1795 335 1852 uest,
354 1779 431 1837 cont.
449 1801 515 1852 qnae
534 1783 564 1836 in
582 1783 669 1838 simili
687 1781 933 1856 dispntstzoesins
946 1778 1028 1854 adff.
1077 1782 1131 1835 nir.
1149 1783 1180 1836 si
1198 1783 1272 1837 euiru
1291 1781 1385 1834 saltem
1403 1787 1546 1832 concernat
1563 1778 1675 1832 modurn
1694 1779 1790 1850 agendi
1806 1780 1849 1834 uel

257 1870 299 1926 tit.
319 1868 352 1925 de
369 1867 463 1939 legib.
481 1885 511 1920 n.
531 1877 574 1920 22.
1078 1865 1255 1938 procedendi,
1268 1875 1332 1920 tnnc
1342 1857 1577 1916 confirmationem
1590 1861 1659 1915 adeo
1669 1879 1723 1915 uon
1743 1861 1849 1932 requiri

293 1953 400 2008 Deinde
417 1961 445 2006 et
464 1951 514 2006 boo
532 1949 729 2021 subjiciendum
746 1959 843 2018 restat,
860 1967 895 2004 sn
907 1949 1028 2021 utstplus
1078 1950 1182 2017 uolunt,
1201 1961 1232 2004 nt
1248 1951 1331 2019 stylus
1349 1947 1432 2002 etiarn
1443 1965 1532 2002 cornu
1546 1947 1672 2002 inferiori
1691 1948 1848 2018 magistratu

255 2037 341 2096 relide
361 2035 530 2091 introductus
549 2044 700 2100 censeatur,
714 2051 860 2090 consensus
874 2033 1026 2107 Principis,
1078 2033 1173 2088 iudnoi
1191 2033 1290 2104 possitr
1310 2032 1431 2086 doctores
1450 2027 1735 2102 citatcsrideap.1)n.
1750 2031 1847 2086 Tabor.

256 2141 306 2179 seu
322 2122 410 2194 ipsius
427 2137 553 2194 expressa
572 2117 742 2176 confirmatio
760 2119 798 2175 sit
810 2117 1029 2174 necessarisPEt
1079 2117 1118 2172 ad
1133 2117 1251 2174 Anium.
1269 2117 1388 2170 Barbas.
1407 2115 1454 2168 lib.
1477 2127 1519 2170 tt.
1538 2133 1561 2168 e.
1581 2125 1623 2168 st.
1645 2115 1762 2169 Anium.
1779 2125 1803 2166 2.
1815 2117 1846 2172 its

255 2208 307 2264 boc
324 2206 474 2280 negandum
493 2219 631 2278 putaruusr
648 2206 687 2262 nti
704 2205 780 2260 euim
801 2204 966 2260 consuetudo
990 2202 1026 2257 ad
1068 2202 1128 2274 fin.
1146 2205 1249 2260 Verum
1266 2219 1317 2258 neo
1334 2201 1386 2256 hoc
1402 2201 1503 2268 obstat,
1525 2219 1578 2272 qno
1602 2200 1694 2255 miuus
1719 2201 1791 2254 idcur
1818 2203 1849 2256 in

257 2295 299 2348 sni
318 2293 493 2348 substantiam
506 2287 712 2348 confirmatione
724 2288 872 2363 superioris
884 2307 939 2344 uon
952 2285 1026 2341 iudi·
1079 2289 1144 2359 stylc
1161 2290 1251 2342 orsriae
1261 2303 1420 2353 2222222222,
1432 2304 1464 2340 ao
1475 2287 1506 2340 iu
1519 2283 1723 2352 musnetudiner
1735 2284 1850 2342 adhunc

255 2388 316 2452 get,
342 2375 388 2432 ssd
413 2379 468 2432 acle
495 2377 633 2448 Principis
660 2374 772 2430 seientia
790 2375 873 2428 etiarn
896 2371 1029 2444 generalis
1078 2392 1140 2430 sero
1156 2373 1255 2430 nullibi
1272 2369 1443 2430 confirmatio
1459 2372 1494 2426 dc
1510 2371 1670 2426 necessitate
1686 2372 1847 2444 requiritur.

255 2457 371 2528 suffieit,
391 2461 475 2517 Roob.
495 2461 528 2516 do
547 2461 623 2516 Gurt.
641 2459 671 2514 in
685 2478 709 2514 2.
721 2477 783 2514 eum
800 2459 900 2513 Tanto.
913 2456 947 2512 de
958 2474 1024 2512 eon·
1079 2459 1128 2514 Uti
1145 2459 1221 2514 euius
1238 2457 1401 2514 musnetndo
1412 2473 1445 2510 22
1458 2455 1501 2510 sni
1519 2465 1615 2511 uatnra
1632 2455 1706 2510 bunc
1724 2457 1846 2512 2222222222

210 2593 214 2602 .
254 2546 360 2604 suetud.
377 2554 444 2598 sect.
464 2553 487 2596 2.
506 2563 535 2598 2.
556 2556 600 2597 22.
619 2555 647 2598 22
666 2555 708 2598 22.
727 2543 841 2598 22222.
854 2552 874 2596 t.
889 2559 918 2595 n.
933 2553 975 2594 22.
988 2539 1028 2594 ita
1079 2543 1174 2610 babet,
1192 2555 1222 2598 nt
1236 2544 1324 2613 legem
1342 2540 1504 2594 contrariam
1521 2541 1648 2610 abrogare
1664 2541 1761 2610 possit,
1779 2541 1798 2592 l.
1817 2541 1851 2596 de

211 2616 215 2626 “
256 2631 288 2684 in
306 2630 376 2698 stylo
393 2629 484 2681 euriae
503 2627 538 2680 ob
554 2627 700 2696 paritatem
719 2625 835 2682 rationis
858 2623 931 2678 idem
954 2621 1026 2675 derl-
1074 2629 1172 2701 quitus
1190 2639 1233 2684 rs.
1252 2636 1275 2693 ς.
1294 2629 1455 2684 inauret-ata.
1468 2627 1536 2698 ins.
1545 2622 1587 2695 Ι.
1602 2626 1628 2680 d
1640 2627 1697 2680 Ll-
1710 2643 1847 2696 nouopns

253 2713 373 2768 dendum
390 2727 448 2766 esse
465 2710 662 2766 existimanus.
681 2711 716 2766 Et
733 2710 853 2782 quemuis
867 2711 938 2763 inter
951 2708 1024 2778 jndi-
1077 2713 1143 2779 erit,
1155 2723 1186 2770 ut
1195 2729 1245 2786 per
1257 2709 1490 2768 confirmationem
1498 2711 1644 2784 superioris
1657 2710 1765 2764 damnus
1775 2710 1846 2764 bauo

254 2817 314 2854 2222
334 2795 501 2870 superiorem
519 2805 547 2850 et
564 2794 722 2851 inferiorem
736 2795 886 2866 distinguat
896 2795 977 2848 Natta
994 2793 1025 2846 in
1076 2795 1225 2852 efficacium
1244 2805 1427 2867 unseqmtur.
1446 2794 1487 2848 lta
1503 2811 1609 2866 qnoque
1625 2791 1719 2850 cedern
1731 2794 1791 2864 styli
1804 2811 1846 2848 ra-

255 2879 341 2938 addit.
360 2879 399 2936 aa
415 2877 574 2936 Alexandr.
592 2895 669 2934 cons.
688 2891 731 2934 tt.
749 2878 778 2932 in
789 2876 850 2948 fin.
874 2877 923 2932 lib.
949 2885 974 2928 2.
999 2885 1026 2931 et
1077 2879 1116 2934 tio
1134 2890 1189 2948 222,
1208 2881 1279 2936 leuno
1298 2879 1373 2934 enirn
1395 2879 1515 2952 speeiem
1539 2875 1739 2950 consuetuedinis
1761 2875 1848 2930 absol·

254 2967 354 3038 seylon
372 2963 406 3019 ab
423 2963 555 3019 inferiore
571 2963 660 3034 judice
679 2961 820 3017 inductum
834 2972 896 3018 tuno
914 2960 1024 3013 demum
1075 2982 1152 3035 aare,
1172 2967 1329 3038 aupedirum
1349 2983 1407 3020 em
1425 2984 1459 3022 u
1477 2965 1551 3030 illie,
1564 2981 1632 3036 qma
1645 2962 1767 3036 superius
1778 2980 1801 3016 a.
1820 2974 1842 3014 t.

253 3053 343 3107 solere
359 3050 513 3116 existimet,
532 3048 637 3120 quando
655 3067 670 3102 e
689 3047 828 3120 superiore
850 3041 1024 3100 confirmatus
1075 3049 1161 3118 diota,
1179 3051 1376 3106 extenuamus.
1394 3052 1430 3106 Ut
1452 3061 1552 3106 taceam
1576 3047 1770 3102 limitationem
1794 3045 1848 3102 Dd.

252 3135 348 3202 fuerit,
365 3137 439 3190 nullo
457 3143 547 3188 tarnou
566 3141 642 3188 textu
667 3132 709 3188 rel
734 3133 836 3188 ratione
859 3131 891 3185 id
914 3129 1025 3186 uincit.
1075 3136 1100 3190 ei
1117 3154 1155 3192 aa.
1173 3138 1257 3207 stylus
1273 3135 1308 3190 ad
1325 3135 1517 3208 praejudicium
1542 3133 1645 3204 ceretii
1670 3131 1845 3205 principuus,

255 3221 308 3278 dut
323 3217 397 3276 ellim
416 3221 499 3289 blylll!
517 3217 550 3274 bb
560 3216 689 3274 inferiore
701 3218 791 3288 judice
803 3217 898 3272 induci
907 3213 1024 3290 pierii,
1075 3237 1122 3275 m
1140 3220 1305 3276 deciduum
1323 3239 1413 3278 nune
1430 3219 1580 3295 pedum,
1598 3237 1654 3274 non
1670 3218 1781 3274 omnino
1793 3217 1846 3272 hue

256 3315 302 3360 eut
316 3319 384 3358 nou.
402 3301 433 3356 Si
452 3298 880 3368 illud,oonfirnatioueoessaris
890 3319 946 3358 nou
959 3301 1023 3355 erit.
1073 3303 1218 3378 quadrure,
1236 3323 1297 3362 euru
1316 3308 1399 3379 stylus
1412 3307 1529 3402 propris
1554 3306 1594 3362 sic
1619 3305 1707 3372 dictu
1728 3323 1843 3378 2222222

252 3390 285 3446 st
302 3389 367 3454 hoe,
385 3383 553 3444 confirmatio
578 3385 725 3458 superioris
749 3389 806 3444 sols
830 3389 900 3459 stylo
918 3387 1022 3446 tribuet
1074 3409 1129 3446 nou
1146 3391 1323 3464 extendetur,
1341 3394 1383 3452 nti
1400 3409 1435 3448 22
1452 3409 1510 3467 eap-
1527 3409 1582 3466 ssq.
1599 3389 1747 3466 apparebit.

253 3473 454 3540 anctoritatem,
473 3480 501 3527 et
518 3472 582 3526 bino
594 3488 648 3526 nou
661 3473 759 3544 222122,
772 3471 819 3530 sed
831 3473 967 3530 nudicollo
980 3476 1022 3544 jn·

864 3670 1115 3746 CAPUT
1159 3679 1223 3748 1v.

812 3861 871 3931 Dc
894 3861 1023 3958 objecto
1044 3869 1130 3963 styli
1150 3872 1282 3942 curiae.

444 4073 468 4125 S
488 4071 517 4124 U
529 4071 568 4124 lt
579 4070 618 4123 lt
630 4069 659 4127 A
676 4072 704 4126 12
720 4069 784 4128 1A
1073 4081 1122 4136 An
1139 4081 1228 4152 stylus
1244 4079 1338 4136 curiae
1349 4077 1379 4132 in
1390 4073 1646 4148 libellcsormando
1658 4073 1743 4131 etiarn
1753 4077 1842 4133 lecum

1109 4165 1229 4220 habeut?
1246 4181 1273 4216 n.
1293 4175 1318 4216 2.
1340 4171 1380 4216 22.

259 4229 407 4312 Quidnam
427 4237 570 4310 proprium
592 4237 659 4310 styli
680 4236 776 4294 curiae
800 4238 837 4292 rit
861 4237 1023 4312 obiectum?
1073 4253 1123 4303 An
1140 4246 1224 4302 etiarn
1243 4247 1273 4302 in
1290 4245 1493 4317 meptionilue
1510 4245 1671 4304 dilatoriis?
1687 4263 1716 4298 n.
1737 4257 1778 4299 22.

292 4343 321 4379 n.
342 4336 366 4378 t.
1073 4337 1108 4388 12
1124 4329 1337 4403 probationibus
1353 4347 1460 4405 22222222
1474 4333 1565 4406 stylus
1575 4329 1754 4388 222221222122
1764 4341 1842 4386 2222·

261 4409 401 4482 objectam
417 4403 484 4478 styli
499 4405 592 4462 euriae
609 4424 669 4462 222
687 4415 798 4462 uatum
815 4407 940 4465 ordinans
956 4430 1024 4483 222·
1108 4413 1163 4486 cipi
1173 4423 1270 4487 222222.
1289 4431 1316 4469 n.
1338 4425 1379 4469 22.

287 4508 395 4558 rerem,
405 4491 457 4546 sed
472 4500 500 4546 et
517 4492 628 4548 modurn
638 4491 815 4563 proponendi
823 4503 851 4548 et
861 4509 960 4550 2222222
973 4497 1021 4554 de·
1072 4499 1119 4556 tie
1135 4499 1219 4556 etiam
1237 4500 1268 4554 in
1284 4499 1413 4556 enanirse
1424 4499 1550 4568 sucum,
1561 4511 1589 4558 22
1597 4517 1692 4556 eorum
1699 4501 1841 4574 immers-

287 4575 408 4632 dnaendi
421 4577 617 4647 complectitur.
636 4596 665 4633 2.
685 4585 710 4628 2.
1105 4595 1144 4640 22.
1162 4603 1189 4640 22.
1211 4595 1252 4640 22.·

251 4661 374 4717 Ete'aasrs'
388 4677 493 4719 2222222
508 4660 651 4733 injudicio
670 4673 799 4720 oretenus
813 4674 1022 4736 proponantur,
1076 4673 1115 4728 212
1129 4681 1157 4724 22
1173 4671 1204 4724 in
1219 4665 1493 4738 sententiasereada.
1512 4685 1539 4722 rs.
1559 4679 1602 4722 22.

287 4745 374 4818 stylus
390 4745 485 4802 curiae
502 4757 543 4802 222
560 4745 752 4804 attendendus.
771 4767 801 4804 2.
821 4761 846 4804 2.
1070 4757 1112 4812 Et
1125 4753 1341 4812 transmittendis
1357 4751 1427 4812 artie
1444 4752 1483 4810 od
1499 4753 1669 4812 Academias
1678 4755 1727 4810 uel
1741 4753 1840 4812 Stabi-

253 4829 389 4886 Pn'mitus
404 4829 507 4902 stylum
524 4831 619 4886 2222222
630 4841 739 4888 tanturn
751 4832 1023 4894 &normannicas
1106 4849 1196 4896 222222.
1216 4855 1244 4892 2.
1264 4849 1306 4896 22.

288 4913 428 4970 scribendi
438 4914 584 4986 probabile
600 4927 649 4972 222.
666 4937 696 4972 rs.
715 4927 741 4972 2.
1070 4927 1128 4981 Nea
1145 4941 1203 4980 aaa
1218 4924 1248 4978 in
1261 4924 1458 4979 centenius-uns
1471 4920 1663 4995 publicatione.
1681 4941 1701 4978 rs
1731 4933 1773 4978 ts.

252 5004 359 5056 Postea
377 5015 446 5054 2222
464 5000 592 5058 tradentes
610 5001 668 5072 ejus
678 5001 845 5076 signpiostio
858 5007 897 5060 ad
907 5009 1020 5066 madum
1072 5009 1114 5063 Et
1129 5007 1327 5081 appellationis
1342 5007 1485 5063 imtsmia
1502 5025 1529 5061 n.
1551 5019 1591 5062 22.

289 5103 396 5156 quoque
413 5085 551 5155 loquendi.
568 5105 597 5140 n·
617 5099 641 5140 2.
1071 5092 1211 5165 Anteae
1220 5091 1412 5166 apparationis
1421 5101 1546 5148 teneatur
1549 5091 1679 5163 judicare
1689 5089 1838 5150 mudum

250 5175 284 5226 ln
303 5169 434 5227 2222222222
450 5171 540 5240 strlue
556 5171 650 5228 cauriae
666 5171 805 5243 quomode
817 5173 1021 5234 atteudmdus?
1105 5178 1209 5250 stylum
1225 5177 1320 5235 auriae
1337 5175 1498 5249 infirioris?
1514 5193 1542 5231 n.
1564 5187 1603 5232 22.
1624 5189 1664 5232 22.

286 5273 313 5308 2.
335 5269 358 5310 2.
380 5267 405 5307 2.
1073 5263 1190 5333 Quande
1208 5261 1249 5318 ad
1262 5261 1316 5318 1222
1332 5261 1477 5318 obstrietus
1491 5259 1551 5316 eit?
1567 5279 1592 5314 22.
1613 5272 1658 5318 22.

252 5341 301 5394 An
318 5340 406 5409 stylus
423 5340 517 5396 euriae
533 5341 607 5398 eirca
612 5343 766 5415 juramenti
774 5345 930 5404 calumniae
946 5349 1019 5410 dela·
1069 5349 1119 5402 An
1135 5347 1165 5401 in
1180 5347 1354 5414 2222222222,
1371 5347 1580 5403 suebbartatiene
1590 5356 1619 5399 22
1629 5345 1781 5406 licitatione
1793 5349 1837 5406 lo·

269 5425 388 5482 ‚tianeus
405 5427 474 5500 qnid
488 5427 579 5502 ponis
594 5430 757 5502 disponere?
772 5447 799 5484 2.
810 5443 844 5485 ’2.
1020 5437 1025 5450 ·
1106 5449 1169 5488 22222
1185 5431 1286 5488 babeat
1300 5432 1388 5504 stylus
1404 5429 1521 5490 euriae?
1537 5447 1565 5484 n.
1584 5440 1627 5485 22.
