4504 6344
354 461 403 532 ro
889 453 1223 517 rnmrsnsn
1738 461 1790 532 rsa

283 557 390 648 prior,
413 554 458 622 ob
482 551 648 619 infelicem
672 554 875 622 eminentem
899 579 1003 646 quem
1028 566 1236 646 prospexerat
1263 553 1407 640 exitum,
1431 556 1571 626 curandi
1601 557 1687 626 ratio
1709 560 1859 653 exsurgit

282 647 454 716 mutanda:
472 644 520 711 lta
537 643 637 708 etiam
655 643 924 736 legumlatoribus
939 665 972 712 et
985 647 1145 736 Rerump.
1161 644 1441 714 moderationibus
1455 647 1611 740 squalens
1622 652 1634 738 (
1641 652 1691 719 uti
1709 651 1863 742 loquitur

279 737 426 806 Tertull.
444 737 478 802 in
504 733 706 825 apologetico
728 739 803 814 sunl
820 737 998 826 antiquam
1013 735 1125 827 legum
1138 734 1228 828 sylva
1255 737 1349 804 noris
1373 737 1610 829 principalium
1626 744 1862 836 rescriptorum
1895 756 1898 762 '

281 828 452 895 securibus
467 825 669 917 quaudoque
682 839 731 890 est
747 827 925 894 truncanda
942 842 975 894 et
990 827 1201 916 amputanda.
1218 823 1306 892 Hinc
1330 839 1456 893 nostras
1472 829 1585 921 inquit
1600 831 1785 921 Imperator
1800 859 1862 905 no-

280 937 346 986 ster
364 921 399 983 iu
420 919 511 984 Non.
533 939 606 1004 ¹²7·
621 938 679 1006 pr.
698 915 784 1006 leges
800 916 977 984 emendare
994 938 1053 982 nos
1068 939 1137 982 non
1161 918 1268 1008 piget,
1281 916 1411 1022 ubique
1435 919 1616 988 utilitatem
1633 922 1792 1016 subjectis
1808 927 1863 994 in·

284 1015 398 1076 venire
416 1009 569 1073 volentes.
587 1005 651 1072 Nec
668 1005 775 1071 ullum
792 1019 879 1072 certe
895 1007 983 1074 inter
997 1030 1112 1074 omnes
1129 1005 1300 1098 Principes
1316 1007 1397 1073 mrhi
1417 1007 1574 1079 hactenus
1591 1009 1704 1078 ridere
1719 1017 1860 1108 contigit

281 1111 348 1164 tam
368 1099 562 1189 multijuga,
576 1099 712 1163 caet-eris
728 1097 842 1162 multis
858 1099 1046 1190 parasangis
1061 1115 1132 1188 post
1146 1121 1180 1164 se
1194 1097 1333 1180 relictis,
1351 1097 1516 1166 industria
1531 1101 1564 1166 iu
1584 1100 1715 1194 legibus
1733 1129 1860 1174 noran-

281 1187 332 1254 rlis
348 1187 580 1268 deludentem,
595 1187 658 1252 nisi
676 1188 762 1278 lmp.
779 1187 903 1253 lustin.
920 1187 1003 1254 dum
1016 1187 1368 1270 nonsolumaliorum,
1384 1188 1442 1256 sed
1459 1207 1492 1255 et
1504 1214 1576 1258 suas
1592 1195 1650 1258 rix
1666 1193 1749 1262 dum
1766 1210 1858 1266 natas

281 1298 314 1346 et
329 1279 431 1372 astylo
445 1278 587 1344 calentes
603 1299 673 1341 uno
687 1277 782 1370 quasi
806 1277 946 1344 abolerit
962 1289 1148 1360 momento,
1165 1279 1362 1369 easdemque
1387 1278 1486 1370 paulo
1501 1293 1572 1372 post
1596 1298 1724 1366 mutata,
1739 1287 1857 1354 volun-

281 1381 348 1434 tate
365 1371 401 1435 in
424 1370 561 1462 gratiam
578 1389 653 1433 rece
678 1379 724 1433 tas
740 1369 915 1450 revocarit,
931 1370 1097 1434 autetiam
1114 1367 1211 1458 plane
1228 1391 1329 1436 noras
1341 1371 1547 1461 excogitarit:
1563 1372 1718 1462 Quarum
1733 1376 1857 1446 latissi-

282 1483 392 1541 mum,
409 1460 443 1524 in
470 1456 638 1550 praelibari
664 1481 698 1540 a,
715 1456 820 1524 debili
844 1460 921 1525 licet
945 1460 1040 1526 hocce
1064 1458 1233 1548 penicillQ
1252 1459 1351 1524 totius
1372 1462 1458 1550 juris
1482 1463 1601 1537 Veteris
1616 1477 1650 1531 et
1665 1469 1744 1535 noti
1761 1466 1858 1534 diffe-

282 1551 409 1630 rentia,
426 1549 452 1616 si
469 1552 632 1640 aperirem
648 1572 817 1639 campum,
834 1567 964 1640 portum
989 1572 1068 1615 sane
1092 1548 1143 1616 rel
1159 1545 1339 1629 difficilem,
1353 1549 1402 1616 rel
1417 1550 1529 1641 plane,
1541 1551 1768 1624 adinvenirem
1782 1559 1858 1626 nul-

281 1639 362 1706 lum.
380 1639 526 1706 Unicum
543 1639 645 1731 igitur
664 1639 848 1706 infucatum
865 1639 899 1706 in
918 1661 1045 1706 scenam
1071 1651 1108 1705 ut
1125 1637 1337 1729 produxerim
1355 1640 1561 1732 exemplum,
1579 1642 1618 1708 ln
1635 1648 1746 1736 aprico
1762 1647 1856 1715 Juris

283 1731 402 1798 veteris
419 1741 630 1796 monumenta
649 1754 683 1796 re
709 1731 820 1796 licanti
839 1731 983 1818 positum
1007 1731 1086 1808 crit,
1104 1727 1221 1794 laxiori
1237 1727 1381 1820 quodam
1407 1730 1501 1796 freno
1516 1735 1590 1824 jure
1615 1737 1719 1803 reteri
1736 1737 1760 1805 l.
1778 1741 1812 1804 3.
1827 1741 1852 1806 I.

285 1819 315 1885 5.
330 1823 354 1888 l.
377 1821 425 1886 ιθ.
442 1821 465 1886 l.
485 1845 537 1886 ar.
555 1817 581 1884 l.
602 1817 654 1884 23.
672 1754 710 1888 di
727 1819 769 1888 tie
787 1819 958 1912 Fidejnrs.
976 1819 1027 1888 rel
1043 1819 1083 1886 ad
1100 1819 1323 1910 fidejussorem
1339 1821 1498 1887 actionem
1519 1823 1705 1892 intentandi
1720 1828 1859 1896 arbitrio

283 1912 455 1978 creditoris
472 1911 569 1976 luisse
585 1909 757 1988 relictum,
775 1914 848 2001 jure
864 1927 974 1978 autern
992 1911 1166 1976 novissimo
1180 1934 1239 1999 per
1256 1909 1337 1975 Non.
1355 1911 1385 1998 4.
1400 1935 1430 1977 c.
1452 1935 1480 1976 ι.
1494 1911 1659 1982 Autlrent.
1670 1918 1864 1988 Praesente

283 1999 322 2067 C.
339 2001 382 2068 dc
401 2003 435 2068 F
433 2002 571 2090 idejusr.
589 2001 759 2068 Arietem.
778 2000 854 2070 Hoc
868 2008 899 2070 si
913 2001 1060 2069 debitor.
1077 1999 1117 2068 C.
1132 1997 1171 2064 de
1189 2000 1293 2092 Pr'gn.
1309 2017 1343 2068 et
1367 2001 1560 2092 Hrpothec.
1575 2007 1756 2078 artioribus
1772 2011 1858 2077 illud

283 2093 462 2158 arbitrium
477 2103 673 2158 coarctatum
691 2091 837 2183 jamdum
851 2117 919 2160 esse
934 2091 1116 2183 repagulis,
1128 2091 1172 2155 ob
1189 2092 1328 2156 nimiam
1346 2097 1465 2197 partim
1484 2093 1660 2178 duritiem,
1676 2101 1798 2190 partim
1813 2103 1857 2166 ob

283 2207 449 2272 asperam,
460 2195 493 2248 et
510 2181 779 2260 refraenandum,
819 2207 894 2249 uam
911 2187 962 2274 jus
979 2183 1155 2272 antiquum
1167 2183 1334 2270 sapiebat,
1345 2182 1572 2274 rniquitatem.
1587 2185 1859 2258 Seluberrimum

279 2286 371 2339 certe
393 2273 636 2341 Sacratissimus
659 2272 741 2362 Imp.
766 2209 1033 2338 sribministrarit
1057 2272 1270 2354 beneficium,
1286 2271 1327 2337 ad
1351 2273 1458 2363 quod,
1475 2286 1644 2368 tamquam
1669 2279 1710 2346 ad
1735 2304 1857 2348 sacram

282 2387 456 2442 ancoram,
476 2376 509 2431 et
527 2364 727 2429 tutissimum
752 2361 956 2455 fidejussores
978 2360 1155 2450 confugere
1180 2361 1309 2427 valeant
1332 2362 1467 2454 asylum.
1493 2363 1580 2432 llaec
1597 2367 1707 2436 altiori
1736 2373 1860 2438 mentis

281 2455 350 2520 acie
364 2454 573 2528 sustinendo,
591 2475 657 2518 non
683 2452 833 2606 vulgares
850 2453 931 2518 mihi
957 2452 1044 2516 intra
1060 2451 1147 2516 olcas
1170 2449 1262 2517 hasce
1291 2453 1472 2520 constituto
1494 2455 1559 2522 sub
1579 2455 1861 2530 Excellentissimi

283 2543 351 2609 Dni
370 2543 615 2611 PnaEstDts
634 2565 734 2608 manu
760 2543 893 2612 uctionc
912 2541 1176 2608 enucleationem
1193 2539 1295 2632 hujus
1311 2539 1460 2611 beneficii
1477 2546 1697 2638 suscipiendi,
1714 2552 1862 2644 ingenii-

284 2659 351 2726 qne
361 2635 427 2701 mei
438 2637 689 2728 qualiscumque
706 2632 790 2703 vires
807 2629 1033 2726 periclitandi,
1050 2631 1204 2698 incitiros
1218 2629 1358 2724 subjicit
1370 2634 1518 2702 stimulos
1533 2649 1566 2702 et
1582 2635 1680 2720 laces,
1697 2664 1765 2708 nou
1782 2641 1862 2710 scri·

285 2723 384 2791 bendi
402 2726 586 2806 cacoethes,
601 2747 643 2790 nc
669 2722 750 2790 lorte
774 2736 846 2818 post
863 2723 1045 2790 Homerum
1064 2719 1168 2786 Iliada
1191 2743 1309 2788 canere
1332 2723 1589 2813 praesumendo,
1606 2724 1722 2798 falcem
1734 2730 1863 2798 alienae

288 2816 460 2884 immisisse
470 2815 583 2884 ridear
595 2815 707 2900 messi3
722 2837 781 2884 nec
796 2813 1006 2896 ambitionis,
1017 2833 1118 2904 quam
1135 2833 1206 2876 mea
1222 2835 1350 2917 semper
1366 2813 1542 2882 abhorruit
1558 2817 1723 2902 tenuitas,
1734 2833 1864 2903 ventus,

287 2905 343 2973 sed
355 2908 509 2974 materiae
518 2905 755 2996 spinosiscerte
768 2903 944 2974 innodatae
956 2899 1571 2998 subtilitatibusdignatat,paternaque
1582 2909 1706 2976 monita
1716 2909 1867 2980 animum

287 3021 364 3064 rere
380 2997 544 3066 radentia.
561 2994 767 3066 Periculosae
779 2995 934 3066 confiteor
946 2993 1035 3060 aleae
1050 3014 1134 3082 opus
1150 3003 1216 3074 est,
1233 3005 1363 3061 tantum
1378 3015 1463 3062 onus
1478 3009 1574 3062 aetna
1590 2996 1705 3067 subire
1718 3002 1867 3092 gravius,
1957 3081 1959 3088 y

201 3151 203 3156 .
286 3087 536 3178 inprimis,cum
548 3089 603 3153 vix
616 3087 652 3152 in
670 3085 779 3175 primo
789 3085 907 3154 limine
919 3084 1002 3175 juris
1010 3083 1113 3150 nostri
1128 3081 1345 3172 apertissimis
1359 3083 1531 3154 latissimis
1542 3089 1578 3153 in
1589 3112 1677 3180 quos
1688 3113 1866 3159 excurrere

283 3177 378 3244 decet
401 3180 540 3270 campis,
557 3202 610 3246 me
633 3176 810 3245 consistere
834 3198 901 3242 non
927 3174 1160 3266 ignoraverim.
1176 3171 1243 3240 Nec
1266 3173 1391 3240 nonde
1414 3175 1532 3282 exigua
1549 3178 1672 3246 exinde
1687 3182 1863 3250 transilitis

286 3269 370 3336 lorte
382 3268 536 3336 audaciae
552 3265 736 3347 limitibus,
754 3265 952 3334 illecebrosis
967 3263 1117 3331 invidiae
1131 3261 1305 3354 cujusdam
1318 3265 1502 3358 praestigiis
1516 3267 1722 3337 irretitorum
1730 3323 1740 3354 ,
1756 3285 1790 3340 et
1805 3296 1865 3341 ue-

285 3360 351 3424 scic
362 3382 429 3450 qua
446 3361 632 3450 suspicione
647 3353 880 3424 fascinatorum
896 3369 1040 3437 caterva,
1055 3355 1238 3420 certissimo
1254 3353 1330 3422 licet
1344 3355 1494 3422 animum
1511 3357 1755 3449 deprehendam
1772 3387 1867 3456 prae-

287 3451 378 3540 sagio
395 3451 523 3516 nixum.
542 3449 593 3514 Eo
610 3461 718 3514 tamen
734 3472 785 3515 me
802 3448 961 3513 relectum
977 3445 1115 3512 sentisco
1126 3443 1302 3525 solamine,
1320 3459 1358 3510 ut
1373 3445 1400 3511 si
1417 3446 1500 3538 quid
1518 3447 1670 3516 hiulcum
1685 3466 1718 3518 et
1734 3455 1868 3521 crassio-

287 3541 334 3604 ris
358 3537 530 3606 lllinerrae
553 3538 662 3604 filium
685 3537 729 3604 ob
754 3539 836 3606 hanc
860 3533 1035 3602 adultioris
1057 3535 1213 3600 stomachi
1238 3535 1427 3618 materiam,
1443 3539 1499 3602 cui
1523 3537 1759 3610 adolescentior
1781 3556 1870 3613 aetas

288 3628 437 3694 nondum
455 3631 533 3696 satis
556 3629 809 3720 concoquendae
833 3637 926 3718 apta,
945 3643 1052 3692 nostra
1076 3623 1226 3691 incurrat
1239 3626 1320 3710 tela,
1337 3625 1545 3694 voluntatem
1562 3643 1690 3712 tamen,
1731 3635 1869 3726 ropositi

290 3718 423 3784 interim
449 3720 597 3787 ardorem
622 3719 853 3802 exsatiantem,
871 3721 963 3808 juxta
988 3715 1184 3782 immortalis
1206 3715 1380 3802 cujusdam
1404 3715 1469 3784 riri
1483 3718 1638 3804 effatum,
1654 3657 1869 3792 subicientem

289 3811 443 3876 tenuitati
463 3833 554 3876 meae
571 3807 894 3875 subministraturam
911 3805 1131 3872 excusationis
1145 3805 1294 3872 colorem.
1309 3805 1355 3871 Et
1367 3829 1410 3873 ne
1426 3807 1462 3872 in
1475 3808 1674 3877 immensum
1691 3816 1870 3884 verborum

290 3899 416 3966 llnmeu
443 3902 680 3991 immergamus
703 3899 882 3984 «talamum,
907 3919 966 3963 uos
989 3895 1030 3962 ad
1055 3917 1124 3961 rem
1148 3895 1254 3986 ipsam
1278 3897 1504 3987 accingamus,
1527 3898 1750 3969 devotissimis
1775 3904 1869 3995 prius

288 3989 443 4076 Dabat,
459 3991 531 4058 sine
548 3993 644 4080 cujus
668 4013 731 4082 ope
746 3989 833 4054 nihil
858 3988 923 4054 rite
947 3984 1109 4076 auspicari
1137 3984 1282 4052 valemus
1306 3985 1400 4053 Nou.
1415 3986 1449 4054 6.
1463 3994 1580 4080 princ.
1596 4015 1625 4058 c.
1642 3991 1869 4082 Principotor

292 4081 343 4145 25.
368 4105 442 4173 cop.
474 4108 501 4148 r.
526 4095 656 4173 quaest.
687 4109 713 4148 r.
739 4076 932 4148 deliniendo
955 4075 1122 4169 suspiriis,
1137 4072 1216 4143 baec
1239 4075 1413 4144 conamina
1437 4091 1547 4148 nostra
1570 4079 1758 4152 felicissimo
1772 4083 1870 4156 beare

287 4195 436 4240 successu
453 4196 494 4239 ne
510 4185 676 4264 gratetur.

917 4374 1163 4448 CAPUT
1209 4374 1236 4441 1.

757 4569 815 4637 De
838 4583 967 4638 natura
991 4567 1149 4662 beneficii
1171 4567 1393 4635 excussionis.

470 4781 492 4831 S
513 4781 540 4832 t!
554 4778 590 4832 ll!
603 4776 639 4830 tl!
652 4778 682 4832 A
700 4779 726 4832 n
744 4782 764 4833 Ι
778 4781 807 4832 A
1102 4775 1263 4846 Descriptio.
1282 4793 1311 4830 rt.
1331 4786 1355 4828 t.

1106 4857 1180 4930 Quid
1194 4859 1231 4912 eit
1249 4857 1397 4915 excutere?
1415 4878 1443 4914 ιι.
1467 4871 1492 4914 a.

292 4943 374 5013 Origo
392 4941 473 5014 hujus
491 4943 625 5016 beneficii.
644 4964 672 4999 ιι.
696 4957 717 4999 t.
952 5010 954 5016 Α
1108 4942 1209 4999 Genus.
1228 4962 1256 4996 n.
1275 4953 1298 4994 t.

285 5027 368 5080 nario
388 5027 469 5096 ΙιιιῘιιι
487 5027 708 5084 introductionis.
728 5047 755 5081 n.
776 5039 801 5080 t.
1101 5029 1285 5098 synonymia.
1304 5049 1334 5084 rt.
1356 5039 1380 5084 t.

283 5111 335 5162 15ae
354 5112 381 5179 ej
389 5113 472 5165 'edem
491 5113 742 5186 aequitatr'svr'gore
752 5112 869 5182 pignore
886 5111 1049 5182 possidenti·
1101 5113 1272 5183 Dfflrentie
1301 5112 1428 5186 specifice
1450 5115 1596 5185 desumpta
1626 5114 1668 5186 (r)
1693 5134 1712 5169 a
1740 5113 1868 5184 subjecto.

322 5195 371 5246 hue
388 5195 440 5247 hoc
457 5196 617 5269 beneficiam
635 5196 833 5250 transcribitur.
853 5215 880 5249 ιι.
901 5211 925 5252 t.
1137 5216 1165 5250 n.
1186 5209 1210 5250 a.

287 5277 330 5330 De
338 5277 514 5354 fidejussoria
526 5282 618 5352 agitur
633 5282 774 5340 commodo
792 5280 822 5336 ie
840 5281 892 5337 hoc
910 5281 1050 5354 beneficio.
1102 5281 1143 5351 (a)
1163 5284 1192 5337 A
1210 5297 1294 5336 muta
1312 5275 1385 5354 effic.
1403 5301 1431 5336 ιι.
1456 5293 1495 5336 ιο.

323 5384 355 5417 n.
376 5377 398 5418 t.
1105 5369 1136 5436 Q.
1156 5385 1193 5420 on
1213 5367 1321 5423 natales
1340 5365 1435 5424 aetem
1453 5368 1522 5439 Imp.
1543 5363 1658 5421 lartio?
1676 5385 1703 5420 ιι.
1727 5376 1766 5418 tt.

392 5450 498 5522 serskr'r’
518 5451 578 5508 Vct.
596 5455 621 5506 Ι.
1578 5465 1608 5508 ar
