4490 6352
881 411 884 420 ’
1001 449 1219 510 ussrussrso
1237 453 1310 508 1111.

1843 457 1895 512 iro

376 551 429 608 Pro
446 569 498 624 qna
515 547 646 608 sententis
672 547 870 622 comprehende
894 547 1042 606 rutionihus
1066 550 1141 606 hisce
1193 549 1226 604 sb
1244 553 1408 626 luperctore
1426 551 1584 612 immediate
1600 553 1776 611 constitutum
1801 573 1853 630 pro
1877 558 1965 630 jndice

375 647 487 692 utuntur
511 635 689 694 communiter
713 635 766 706 (t.)
793 637 865 708 Quis
881 635 982 706 iudices
1001 635 1143 704 instrepe-
1193 635 1311 708 delegato
1321 637 1484 704 hibendum,
1496 637 1542 694 iric
1555 639 1630 694 eninr
1646 639 1748 696 obnrss
1764 641 1835 696 rslin
1851 641 1871 696 i.
1886 641 1965 714 ⁶·ff·

379 741 441 779 rum
460 733 563 779 tuntum
582 723 786 798 particularium
797 723 888 780 litium
906 721 1083 794 cognitionem
1095 721 1143 778 hr-
1187 719 1287 792 J'urs'sd.
1305 721 1376 778 sicut
1391 731 1421 778 et
1432 723 1482 780 hoc
1494 723 1677 796 cesnspscisli
1690 725 1882 780 commissione
1894 727 1964 782 Cre·

374 805 457 876 bent,
477 807 646 880 singulariter
665 821 751 864 sutem
769 825 908 863 causarum
925 819 986 864 notu
1002 815 1045 860 est
1067 805 1142 861 dele·
1194 823 1268 862 setes
1283 821 1350 880 opus
1365 817 1418 876 etit
1435 807 1506 882 qsmd
1523 807 1554 862 itt
1571 809 1634 864 aliis
1646 805 1751 864 cetibus
1764 816 1855 864 umen
1867 827 1964 866 neces·

375 899 451 963 gelre
468 892 673 965 jurisdictionis.
695 895 823 966 Slephnu.
837 893 862 946 d.
875 895 894 946 i.
909 912 937 946 ss.
954 902 996 946 tt.
1007 889 1061 964 (t.)
1073 889 1143 964 Quis
1195 907 1255 946 sunt
1273 909 1328 948 nou
1344 902 1394 948 est.

376 993 430 1030 non
449 977 510 1050 ipso
527 979 586 1047 jure
604 978 708 1048 judiees
726 988 801 1045 sunt,
825 978 873 1032 sed
896 976 1003 1030 demum
1026 992 1074 1048 per
1089 977 1142 1030 ele-
1229 977 1351 1032 Securum
1362 978 1428 1034 rstio
1440 995 1490 1052 pro
1502 977 1649 1036 oriiusris
1662 975 1966 1050 lustrerammjmisdi·

374 1059 501 1116 ctionem.
520 1061 573 1133 (t.)
593 1061 663 1132 Quin
682 1060 824 1132 Principes
836 1061 912 1116 electi
924 1062 955 1114 iu
972 1057 1076 1130 judices
1090 1057 1143 1112 its·
1194 1061 1283 1118 ctione
1295 1081 1310 1116 s
1321 1059 1447 1118 ilimnseo
1458 1061 1484 1120 d.
1496 1081 1519 1120 c·
1530 1077 1554 1118 t.
1568 1083 1597 1118 s.
1611 1072 1654 1116 tt·
1669 1061 1735 1118 hsec
1752 1061 1878 1118 affertur:
1890 1067 1958 1136 quia

375 1154 523 1218 strenarum
542 1149 699 1218 plerumque
717 1145 880 1202 consiliariis
907 1145 1043 1216 negotium
1070 1157 1142 1196 cosn-
1195 1147 1332 1220 Principes
1343 1146 1444 1216 iudices
1457 1147 1535 1204 decli
1547 1148 1801 1220 plerumqscsussns
1814 1147 1871 1203 suis
1883 1167 1958 1204 ussu-

376 1230 491 1288 snittnnt
508 1232 723 1305 expediendum
747 1231 782 1288 cb
807 1233 902 1287 hortun
925 1247 987 1286 sero
1011 1229 1144 1284 sententis
1194 1231 1259 1288 dent
1275 1231 1454 1298 consilisriis,
1471 1229 1543 1304 quod
1559 1227 1621 1286 fieri
1639 1247 1693 1286 non
1711 1240 1817 1302 posset,
1841 1231 1898 1288 uisi
1915 1251 1961 1288 nr-

378 1331 433 1367 uou
447 1316 482 1370 acl
495 1316 649 1386 Cemram,
668 1319 715 1374 sed
734 1319 768 1373 sd
787 1318 930 1390 Principes
950 1318 1052 1371 electos
1077 1313 1145 1372 tores
1194 1314 1300 1370 dinaris
1316 1313 1374 1370 illis
1391 1324 1558 1388 competeret
1572 1313 1728 1386 jurisdictio
1745 1315 1764 1366 l.
1784 1327 1808 1368 t.
1818 1313 1860 1388 ff
1877 1317 1966 1390 deje-

374 1399 576 1472 sppellandnsn,
595 1405 620 1458 si
637 1402 770 1459 ordinarii
789 1414 888 1460 essent.
908 1403 960 1476 (t.)
977 1403 1032 1456 linc
1055 1403 1081 1456 si
1096 1423 1142 1458 or·
1193 1397 1258 1454 ried
1278 1399 1331 1458 sed
1348 1399 1380 1456 iu
1396 1399 1447 1456 luc
1463 1400 1567 1454 ratione
1589 1398 1676 1472 quoad
1698 1401 1900 1472 consequentiae
1916 1420 1964 1458 us-

378 1483 481 1540 dinsrii
499 1497 591 1542 essem
616 1490 753 1562 repudiari
778 1481 907 1562 posient,
930 1487 1001 1558 quud
1023 1487 1143 1558 qusmsis
1195 1501 1258 1538 xum
1279 1483 1377 1538 merito
1394 1485 1462 1555 quid
1473 1483 1622 1538 desiderari
1639 1495 1739 1558 possen
1758 1501 1822 1538 uem
1839 1503 1893 1540 oon
1911 1497 1964 1540 sts·

375 1571 434 1634 iure
452 1571 527 1626 cisili
543 1591 598 1629 non
616 1574 680 1630 adeo
697 1592 822 1646 expresse
840 1572 974 1640 decisum,
993 1571 1143 1628 communi·
1196 1570 1247 1622 tim
1264 1567 1401 1640 seqnitur:
1420 1568 1466 1623 hic
1483 1569 1545 1624 aliis
1558 1567 1678 1639 delegere
1694 1579 1783 1642 potest
1797 1567 1963 1639 jurisdictio-

379 1667 420 1708 ter
439 1666 528 1710 tamen
546 1657 596 1711 hoc
615 1658 800 1730 approbatum.
814 1657 885 1713 Gsil.
904 1658 950 1712 lii.
973 1670 996 1710 t.
1012 1660 1044 1711 0.
1059 1671 1102 1712 ss.
1114 1675 1143 1710 ss.
1195 1669 1274 1720 uem,
1292 1669 1354 1724 ergo
1366 1651 1425 1726 ipse
1436 1662 1479 1708 est
1489 1653 1649 1710 ordiusrins.
1659 1652 1729 1710 Nun
1747 1653 1864 1727 delegati
1876 1655 1961 1710 Priu-

350 1765 364 1788 s
383 1751 405 1794 t.
424 1735 560 1812 llynsing.
580 1743 656 1797 Cant.
677 1754 702 1795 t.
725 1744 789 1800 Ois.
809 1755 851 1797 tr.
870 1745 923 1797 Pro
939 1760 992 1814 quo
1009 1739 1075 1796 iecit
1091 1739 1144 1812 (t.)
1195 1735 1278 1810 cipis,
1296 1755 1423 1810 quorsum
1439 1739 1563 1796 adsertae
1574 1736 1711 1812 opinionis
1729 1739 1842 1795 useclse
1859 1737 1961 1809 iudices

377 1825 448 1896 quod
455 1827 484 1880 in
496 1829 526 1881 0.
541 1829 570 1882 C.
577 1846 702 1902 expresse
711 1830 897 1886 commissarii
911 1827 1084 1902 Imperatoris
1096 1847 1144 1899 sp·
1196 1822 1384 1894 lusnsgsrum
1408 1824 1541 1891 referunt,
1560 1825 1619 1880 sine
1637 1823 1719 1878 dubio
1742 1822 1890 1881 incultilem
1915 1823 1965 1878 suh

376 1911 525 1984 pellentur,
545 1925 625 1970 etex
649 1915 735 1988 ipsius
760 1917 885 1972 mandato
908 1917 986 1972 litem
1012 1914 1146 1986 suscipere
1195 1909 1336 1984 delegandi
1353 1910 1463 1977 hubent,
1481 1926 1529 1984 per
1545 1909 1564 1962 l.
1583 1907 1849 1979 t.C.de1'udic·c·
1882 1918 1926 1960 st.
1938 1917 1960 1972 ς.

377 1995 568 2066 dicrutnr3n1s
580 2000 1001 2072 Kneyserliclsercommissnsius
1014 1995 1146 2068 inKroffl
1196 1997 1224 2051 si
1237 2013 1306 2052 vero
1324 1999 1359 2050 Χ.
1376 1997 1410 2051 de
1428 1992 1505 2066 offic.
1517 1993 1579 2066 jud.
1602 1994 1717 2064 delegnt
1737 1993 1848 2048 loesisn
1867 1993 1906 2048 od
1921 1993 1963 2046 ts't·

377 2085 429 2138 der
445 2085 643 2154 Commission,
660 2086 705 2142 die
724 2087 775 2142 wis·
792 2089 834 2142 als
853 2083 1148 2154 BoemicciserKoenig
1187 2083 1229 2156 ffi
1246 2083 1281 2138 de
1292 2083 1427 2154 jurisdicl.
1439 2100 1469 2137 n.
1489 2091 1532 2134 ts.
1549 2079 1644 2152 tritttg
1662 2077 1694 2132 s'n
1712 2077 1825 2134 Doneli.
1849 2078 1897 2132 lib·
1920 2087 1959 2129 ts.

437 451 490 528 ⁶⁰9

280 2180 283 2190 ·
377 2168 473 2224 lriems't
491 2171 570 2226 einen
585 2171 670 2242 jeder
687 2173 789 2242 ptiust
808 2173 899 2229 talen
922 2173 1028 2228 wellen.
1057 2173 1088 2226 0.
1113 2173 1145 2230 C.
1197 2186 1220 2222 c·
1240 2182 1264 2223 s.
1282 2167 1322 2220 lit.
1336 2185 1371 2220 m.
1384 2166 1462 2238 Quod
1473 2161 1708 2238 tesneuprsel'stse
1724 2161 1823 2217 rationi
1842 2163 1965 2218 annectit

378 2255 415 2305 P.
436 2265 461 2305 ².
482 2264 501 2306 l.
523 2266 547 2307 2,
566 2263 588 2320 ς.
607 2256 719 2328 durasffl

417 2339 548 2412 Displicet
568 2350 657 2395 tamen
674 2340 769 2414 opinio
787 2343 850 2396 haec
873 2341 950 2410 sliis,
970 2341 1018 2414 qui
1040 2342 1148 2399 ordinu-

382 2425 450 2478 rium
463 2422 678 2494 jurisdictionem
690 2425 824 2495 judicibus
840 2426 1028 2494 lustrensrum
1047 2429 1146 2482 adscri-

381 2507 449 2562 bere
466 2522 520 2560 non
539 2506 679 2573 dubitant,
698 2509 771 2562 iuter
788 2525 853 2580 quos
870 2519 912 2563 est
929 2509 987 2562 llic.
1005 2511 1094 2564 Umm.
1113 2511 1147 2566 de

381 2597 507 2649 Process.
527 2591 605 2663 Disp.
627 2601 650 2644 l.
667 2591 705 2646 tls.
720 2603 744 2643 t.
759 2613 786 2646 n.
802 2603 842 2646 tt.
856 2593 1021 2646 Schubhsrd.
1035 2593 1069 2650 de
1083 2598 1145 2650 Ass·

378 2687 460 2745 streg.
478 2675 516 2728 tlt.
539 2687 563 2728 6.
582 2673 621 2727 iit.
640 2693 667 2728 c.
686 2677 748 2730 ioh⁴
768 2675 856 2730 lima.
874 2677 907 2732 de
926 2679 949 2732 Ι.
967 2681 1004 2733 Ρ.
1023 2678 1069 2731 tit.
1085 2689 1110 2730 t·
1122 2695 1146 2730 c.

381 2773 405 2812 ts.
424 2780 452 2814 n.
474 2769 514 2810 ll.
535 2761 592 2813 Jsc.
612 2757 700 2813 ntum.
718 2766 844 2817 Procest.
862 2762 993 2817 Comtit.
1005 2772 1047 2815 27.
1061 2781 1089 2816 n.
1106 2772 1145 2816 ts.

380 2843 516 2900 Rumelin.
537 2843 576 2896 od
594 2847 632 2897 A.
652 2843 686 2895 B.
706 2849 742 2900 P.
763 2856 787 2896 2.
807 2845 912 2900 dissert.
941 2857 963 2899 t.
992 2846 1093 2899 Coroll.
1119 2857 1144 2898 ss

380 2930 426 3002 qui
446 2929 499 3000 ipsi
519 2928 669 2982 rationibus
686 2929 756 2982 haud
774 2929 978 2984 contemnendis
1000 2941 1146 2985 morentur.

386 3029 409 3070 t.
422 3013 484 3085 quie
497 3011 650 3083 jurisdictio
668 3013 855 3082 Austregnrurn
869 3033 882 3068 r
897 3014 970 3086 lege,
983 3032 1029 3068 scu
1042 3014 1146 3085 publicu

381 3097 492 3170 imperii
510 3095 702 3152 constitutione
720 3099 847 3152 delectur.
873 3100 932 3152 Hoc
957 3099 1035 3154 modo
1060 3111 1146 3154 autcsn

380 3184 467 3238 deletu
485 3181 640 3251 jurisdictio
657 3200 708 3252 pro
725 3183 863 3238 ordinarie
880 3184 973 3256 utique
989 3183 1146 3256 reputondu,

381 3271 421 3324 uti
438 3269 489 3320 Dd.
509 3269 685 3322 communiter
701 3269 828 3342 colligunt
846 3291 883 3325 ec
901 3271 919 3322 Ι.
941 3283 964 3324 t.
981 3267 1024 3340 ff
1047 3271 1082 3324 de
1095 3269 1144 3340 ju-

382 3353 446 3408 risu
467 3351 502 3404 Et
519 3352 639 3421 quumvis
659 3353 687 3406 in
700 3355 791 3408 erdem
805 3357 861 3426 lege
874 3345 1147 3408 munilestiinsinue·

381 3449 426 3493 tur
442 3436 600 3506 distinctio,
619 3439 692 3493 inter
709 3440 923 3509 jurisdictionem
942 3439 999 3508 lege
1016 3437 1145 3503 delutum,

381 3536 408 3582 et
426 3526 483 3596 lege
501 3521 701 3589 confirmatum,
719 3521 789 3594 quod
807 3523 854 3576 ills
877 3521 987 3592 quidem
1010 3521 1148 3574 ordinaris

379 3615 433 3678 sit,
450 3629 505 3666 nou
523 3627 584 3668 sero
602 3611 682 3673 baecs
700 3621 731 3663 nt
748 3625 795 3682 pes
817 3623 981 3678 consequeus
1006 3606 1146 3678 instrepa-

381 3712 440 3750 rum
458 3691 627 3764 jurisdictio,
653 3701 745 3764 utpote
769 3692 827 3761 lege
850 3701 951 3744 unnim
974 3683 1145 3758 coufirmsls,

380 3797 431 3852 pro
448 3777 565 3848 delegata
583 3778 621 3833 sit
639 3773 792 3847 reputanda.
813 3774 865 3828 Sed
883 3773 930 3827 six
947 3773 997 3828 hoc
1008 3771 1145 3829 admitten-

383 3865 463 3931 dum,
482 3862 552 3935 quod
565 3863 596 3916 in
612 3859 748 3929 instregis
766 3858 921 3928 jurisdictio
939 3859 1024 3914 delata
1040 3869 1145 3914 tuntum

381 3945 555 4002 conlirrnetur
572 3963 622 4016 per
639 3944 705 3999 Ord.
723 3943 797 3998 Cum.
816 3939 990 3998 Confirmatio
1002 3943 1075 3998 eninr
1087 3963 1142 3998 om·

381 4032 603 4092 nisesistentisnr
614 4031 655 4086 rei
667 4027 865 4086 coufirmsndre
879 4030 1068 4102 praerequisit,
1080 4048 1146 4102 quse

382 4121 428 4174 hic
445 4115 554 4184 deiicitt
573 4121 645 4174 nulla
664 4119 739 4174 enim
758 4117 856 4174 delatio
869 4117 913 4172 hic
926 4116 1084 4174 sdluitnnte
1097 4135 1145 4188 pu-

379 4207 478 4260 blicum
498 4203 610 4276 imperii
629 4205 732 4274 legem,
752 4203 842 4258 endem
867 4220 929 4258 sero
954 4204 1010 4274 lege
1034 4202 1143 4274 jurisdi-

380 4291 495 4344 ctionem
515 4289 616 4344 dclerri
628 4299 656 4344 et
668 4285 833 4356 nonlirmsri,
848 4291 893 4343 six
903 4290 1017 4344 invicem
1031 4287 1144 4358 qnadra-

379 4385 431 4430 rel.
447 4375 504 4430 Nec
522 4373 586 4428 iecit
601 4373 763 4446 quicquum,
782 4372 852 4444 qnod
871 4371 1077 4426 commissarius
1090 4371 1144 4422 isu-

382 4458 517 4530 potatoris
535 4457 615 4527 judex
640 4455 828 4528 instregemsn
854 4466 973 4512 socetor:
998 4473 1013 4506 r
1036 4454 1145 4506 nomine

378 4545 452 4597 enim
472 4543 580 4597 imbelle
597 4541 734 4598 deducitur
751 4552 952 4614 sepimentum,
972 4551 997 4595 et
1013 4539 1145 4594 Commis-

381 4629 446 4696 sarii
466 4629 619 4683 socrbulnns
638 4627 803 4682 letissimum
829 4644 902 4691 esse,
926 4625 1031 4681 sbnnde
1050 4625 1145 4698 probat

382 4713 492 4784 liutger.
511 4713 626 4768 lluland.
643 4713 677 4766 de
693 4713 876 4769 Commissur-
888 4723 960 4782 port.
982 4723 1003 4766 t.
1019 4712 1066 4766 lib.
1085 4724 1107 4766 t.
1121 4732 1144 4766 c.

382 4811 406 4853 2.
426 4818 454 4852 n.
475 4811 499 4850 t.
517 4797 552 4850 Et
569 4800 593 4852 si
607 4799 716 4870 proprie
729 4797 916 4852 commissarii
929 4815 978 4852 sos
990 4799 1143 4870 intelligen-

1199 2251 1341 2306 Linsusens
1353 2250 1534 2324 scilicetquod
1543 2248 1696 2322 prosecutio
1708 2269 1722 2304 s
1735 2247 1898 2302 consiliariis
1910 2263 1966 2302 non

1199 2337 1232 2391 ad
1250 2337 1373 2392 dominos
1391 2335 1568 2403 mundantes,
1583 2332 1629 2388 sed
1642 2332 1677 2387 sd
1691 2331 1829 2387 Csmeram
1841 2327 1901 2398 lint,
1914 2329 1964 2386 hoc

1199 2424 1283 2492 magis
1299 2423 1418 2492 stringit„
1436 2417 1563 2494 Expediti
1587 2421 1661 2475 enim
1685 2418 1752 2489 juris
1777 2427 1834 2484 est,
1857 2415 1928 2488 quod
1948 2437 1965 2471 a

1198 2509 1331 2564 sententis
1342 2506 1504 2577 condelegati
1518 2505 1667 2576 Principis,
1684 2521 1739 2556 non
1751 2500 1784 2554 sd
1804 2498 1960 2571 Principem

1199 2595 1305 2668 ipsum,
1323 2590 1369 2646 sed
1387 2590 1421 2645 sd
1439 2589 1652 2660 subdetepsusem
1670 2587 1705 2642 sit
1716 2583 1900 2658 appellandum
1915 2601 1965 2655 per

1198 2691 1218 2734 t.
1236 2700 1282 2736 uss·
1302 2680 1331 2735 C·
1349 2677 1398 2749 qui
1411 2691 1462 2747 pro
1480 2691 1533 2730 suo
1543 2673 1644 2744 jusicd·
1663 2673 1723 2726 ilic
1740 2687 1801 2727 sero
1819 2669 1888 2724 tatio
1906 2679 1962 2734 est,

1198 2766 1221 2819 si
1239 2763 1393 2818 ordinarius
1409 2759 1490 2830 judex
1508 2756 1683 2828 delegaverit,
1699 2757 1746 2812 uisi
1766 2772 1820 2809 non
1838 2751 1871 2810 sd
1889 2753 1963 2823 jndi-

1197 2867 1254 2906 cem
1273 2850 1453 2920 delegantem,
1472 2847 1519 2900 sed
1536 2843 1679 2915 delegantis
1697 2845 1860 2916 superiorem
1872 2844 1963 2914 sppel-

1197 2935 1307 2990 lendum
1325 2933 1344 2986 l.
1367 2947 1389 2986 s.
1409 2939 1431 2996 l.
1453 2927 1524 3001 tff.
1542 2929 1604 3001 puis
1620 2938 1648 2984 et
1664 2947 1683 2984 n
1700 2945 1755 2999 cuo
1780 2925 1876 2998 appell.
1903 2927 1963 2980 lloc

1196 3029 1285 3074 cutem
1298 3017 1435 3088 injudicio
1444 3017 1633 3082 Austresssrum
1644 3011 1784 3081 contingit,
1795 3009 1843 3064 ubi
1856 3009 1962 3066 etiarnsi

1198 3106 1336 3178 Principes
1353 3105 1432 3158 electi
1450 3098 1611 3156 consiliariis
1623 3099 1679 3152 suis
1698 3097 1835 3160 uecotium
1854 3097 1963 3152 deman·

1196 3192 1332 3257 drserint,
1349 3200 1468 3246 sttrmen
1478 3205 1533 3242 nnn
1544 3183 1577 3240 sd
1588 3199 1647 3247 eos,
1659 3181 1706 3238 sesi
1718 3182 1752 3238 ssi
1766 3181 1901 3238 anerm
1915 3202 1964 3254 sp·

1196 3282 1312 3352 pelletur
1334 3277 1365 3330 0.
1384 3278 1414 3332 C.
1432 3279 1468 3334 P.
1489 3286 1514 3326 s·
1532 3284 1551 3328 t.
1571 3286 1596 3327 t.
1612 3270 1693 3327 Unde
1710 3271 1808 3326 merito
1833 3267 1964 3336 infertur,

1198 3385 1259 3436 crgo
1278 3363 1380 3436 judices
1400 3362 1588 3430 Austregsruns
1608 3369 1670 3413 sunt
1687 3355 1827 3411 ordinarii.

1234 3452 1352 3523 lppsret
1375 3467 1438 3502 sero
1462 3463 1495 3502 es
1520 3446 1574 3514 jum
1598 3441 1679 3497 dictis
1701 3439 1845 3496 msnileslo
1869 3439 1963 3495 islssrn

1197 3554 1254 3590 esse
1267 3532 1484 3590 dissentientium
1497 3530 1630 3584 rationem
1643 3525 1762 3590 tertiam
1773 3523 1848 3596 qussi
1859 3525 1964 3593 judices

1201 3622 1390 3691 lustregsrum
1401 3625 1545 3688 propterea
1559 3612 1647 3668 lorent
1659 3609 1788 3680 delegati,
1801 3609 1863 3680 quis
1876 3629 1890 3664 a
1902 3627 1966 3664 oon·

1196 3707 1308 3764 silisriis
1325 3705 1359 3761 ad
1376 3705 1448 3778 ipsos
1468 3699 1610 3770 Principes
1627 3707 1698 3752 esset
1713 3692 1920 3768 sppellsudum,
1935 3697 1962 3750 si

1195 3790 1328 3848 ordinarii
1340 3787 1442 3859 judices
1452 3793 1549 3840 essem.
1563 3780 1732 3838 Contrsriuus
1753 3779 1826 3832 enisu
1843 3795 1878 3833 ex
1890 3781 1967 3834 terti·

1194 3877 1244 3932 bns
1260 3873 1379 3944 allegatis
1396 3871 1508 3943 probatu
1526 3866 1605 3922 facile
1622 3875 1681 3931 est,
1699 3863 1768 3934 quod
1787 3881 1842 3916 non
1859 3864 1894 3916 ad
1914 3883 1961 3919 or·

1194 3961 1346 4027 dincrinns,
1364 3959 1412 4014 sed
1428 3955 1562 4012 ordinarii
1581 3953 1745 4024 superiorem
1760 3969 1775 4006 a
1789 3947 1908 4020 delegato
1920 3970 1966 4022 sp-

1195 4047 1359 4120 pellsndnm;
1377 4053 1402 4100 et
1419 4043 1459 4098 sic
1477 4037 1614 4096 commode
1632 4037 1766 4092 sententis
1778 4035 1827 4090 isac
1843 4050 1904 4089 cnm
1917 4054 1962 4091 os·

1194 4131 1327 4187 (linitione
1350 4128 1474 4186 camemli
1499 4124 1640 4194 conspiret.
1667 4121 1739 4176 Aliss
1765 4119 1882 4174 rstiones
1912 4139 1965 4194 pro

1193 4216 1338 4272 evincenda
1357 4213 1491 4268 ordinssia
1510 4206 1697 4278 jurisdictione
1714 4207 1744 4258 iss
1762 4223 1886 4276 praesens
1904 4225 1961 4262 uon

1196 4303 1339 4365 addncsm,
1360 4317 1421 4352 cum
1440 4315 1473 4350 es
1486 4291 1705 4367 prsecedcntibus
1720 4290 1896 4360 dependeant,
1909 4301 1964 4345 eta

1196 4387 1248 4440 lid.
1267 4386 1390 4453 allegetis
1413 4383 1443 4434 in
1465 4379 1546 4435 Posit.
1573 4390 1598 4431 t.
1622 4373 1717 4430 ordine
1742 4373 1828 4430 sideri
1850 4377 1963 4448 possint.

1195 4471 1250 4526 Nec
1267 4470 1296 4523 in
1314 4466 1456 4524 contrariis
1469 4460 1624 4518 reiellendis
1636 4475 1765 4531 operosus
1784 4477 1844 4524 ero,
1863 4460 1964 4532 quippe

1194 4575 1255 4610 cum
1273 4565 1375 4627 praeter
1399 4569 1444 4614 es,
1467 4566 1534 4620 quae
1557 4550 1612 4616 jusu
1636 4545 1665 4597 in
1692 4542 1811 4598 medium
1834 4543 1961 4609 cddncta,

1195 4657 1244 4714 per
1259 4637 1413 4694 instantium
1431 4654 1446 4688 a
1468 4631 1656 4703 jurisdictione
1679 4629 1841 4691 recisorum,
1864 4638 1892 4681 et
1916 4647 1962 4699 ps·

1195 4724 1266 4780 rium
1284 4719 1373 4776 eurise
1391 4718 1578 4788 desnupum,
1596 4730 1626 4766 ec
1645 4710 1724 4764 iscile
1740 4709 1878 4772 tollantun
1897 4727 1963 4779 quse

1197 4827 1257 4864 seso
1274 4805 1308 4861 de
1325 4801 1507 4873 repudietinne
1518 4797 1654 4870 oppositu,
1674 4795 1719 4848 ille
1734 4805 1786 4850 tam
1805 4795 1865 4862 jure
1878 4793 1964 4846 Csno-

379 4884 413 4937 da
432 4883 511 4949 foret,
523 4882 581 4938 sine
599 4881 681 4938 dubio
694 4896 778 4940 morte
790 4884 964 4954 imperotoris
977 4884 1145 4956 extinguere-
1195 4894 1271 4956 nico,
1284 4907 1364 4961 quem
1381 4884 1546 4942 obtervwiit
1562 4880 1688 4938 mollem·
1707 4879 1787 4936 ΜΗΘ
1803 4877 1961 4932 “fuitmul-

379 4979 424 5022 ¹¹¹¹
444 4969 601 5022 ⁰⁰¹¹¹¹¹¹i⁵⁵i⁰
618 4969 653 5022 ⁰⁵
673 4971 699 5024 d·
718 4966 788 5040 i·ff·
807 4968 950 5037 <1⁶in
967 4969 1037 5040 (1⁰⁰³
1057 4981 1143 5024 lemen
1197 4975 1352 5032 Goulerrtur
1364 4972 1477 5026 interim
1489 4965 1630 5024 contrsriis
1641 4963 1805 5034 strumentis
1823 4961 1908 5016 solide
1920 4980 1962 5014 re·

380 5057 408 5108 iu
431 5069 552 5123 processu
572 5053 756 5122 lustregsrum
770 5053 875 5108 obtinet
889 5053 1016 5118 minime,
1035 5065 1062 5110 rt
1075 5065 1145 5110 recte
1196 5059 1330 5133 spondens
1353 5057 1450 5114 incolt.
1475 5053 1562 5108 iilum.
1590 5055 1717 5107 Proceri.
1743 5047 1821 5106 Cum.
1846 5046 1887 5100 tit.
1921 5057 1964 5098 rt.

380 5137 497 5192 advertit
516 5139 571 5192 isc.
592 5134 680 5190 Blum.
699 5139 724 5192 d.
743 5147 763 5190 t.
783 5149 824 5191 rt.
844 5157 872 5192 n.
894 5148 934 5190 tt.
952 5139 1033 5192 Unde
1050 5139 1143 5192 stetim
1197 5161 1225 5198 ss.
1250 5153 1289 5194 ts.

375 5225 469 5296 quinta
490 5223 555 5278 ratio
573 5237 622 5296 pro
634 5223 765 5278 contraria
782 5223 911 5294 opinione
928 5223 1065 5296 proposita
1082 5239 1141 5278 cor·
1211 5230 1292 5282 dans
1307 5225 1464 5280 sdnsodnur
1478 5219 1769 5294 judiceslnstregarum
1781 5213 1963 5272 constituendi
2001 5225 2015 5266 s

377 5309 441 5362 ruit.
460 5311 516 5364 linc
536 5317 624 5364 tsmeu
642 5325 697 5362 nnn
715 5307 865 5379 negaverim
889 5309 920 5362 in
943 5317 1033 5378 quarta
1049 5307 1092 5362 sia
1111 5307 1144 5360 sle
1198 5313 1399 5366 transeundum.
1418 5309 1484 5364 Cum
1503 5325 1562 5363 sero
1580 5308 1615 5360 ob
1632 5305 1813 5360 disersitnteru
1837 5299 1962 5355 ordinum

377 5414 428 5465 spus
446 5395 474 5446 in
494 5396 559 5451 thes.
583 5393 622 5450 to.
642 5395 798 5464 demtum,
819 5394 1036 5452 Commisssrium
1063 5395 1140 5449 luleus
1198 5399 1256 5452 loro
1269 5399 1453 5467 iustregsruur
1472 5395 1645 5470 gaudentium
1665 5391 1708 5448 sis
1729 5395 1798 5443 certa
1812 5387 1898 5458 regula
1912 5382 1964 5437 icr-
