4424 6340
298 533 328 590 ,a
850 511 1184 572 raooentnu
1708 541 1742 594 ,2

221 610 392 688 nectitur,
408 608 591 676 rationem:
610 607 721 677 Nem.
739 608 852 700 inquit
868 606 1099 689 Callistratus,
1124 607 1380 676 remuneranda
1393 611 1553 702 pericula
1570 639 1705 702 eorum,
1730 625 1814 711 quin

220 703 324 768 etiem
338 717 370 768 et
388 699 567 768 hortanda
581 700 770 792 praemiis,
789 701 907 768 merito
922 697 1078 789 placuit,
1096 714 1134 766 ut
1172 699 1208 765 ui
1219 723 1361 792 peregre
1378 704 1594 788 muneribus,
1619 710 1811 801 etquidem

215 791 381 886 publicis,
396 815 472 858 cum
495 790 616 859 labare
631 807 665 858 et
677 791 837 884 periculo
841 795 1070 882 funguntur,
1087 815 1109 856 α
1156 792 1329 858 omesticis
1353 797 1643 866 eecertontbeset
1666 805 1812 894 sumpti·

219 883 284 950 bus
300 883 517 969 liberentur,
534 882 620 950 Cum
638 907 708 950 non
724 884 769 951 sit
786 882 940 952 alienum
951 935 961 964 ,
974 881 1107 962 dicere,
1124 882 1226 948 etiarn
1242 882 1305 950 bos
1322 883 1481 977 Reipubi.
1498 911 1623 975 cause,
1638 889 1721 958 dum
1744 919 1811 960 an-

219 999 335 1042 nonae
348 971 443 1041 urbis
459 978 628 1054 serviunt,
646 971 776 1042 abesse.
793 974 906 1042 Nihilo
921 977 1034 1043 minus
1050 985 1163 1038 tamen
1187 972 1236 1039 illi
1254 997 1294 1040 ex
1315 973 1375 1041 hac
1399 975 1511 1068 legum
1534 978 1731 1067 clementia,
1756 985 1809 1051 uti

219 1065 291 1132 fieri
311 1076 447 1134 testatur
464 1064 552 1171 lmp.
566 1064 696 1134 Iastia.
714 1069 752 1132 in
769 1065 864 1134 Noe.
883 1065 936 1134 ⁵3.
952 1091 1026 1158 cap.
1046 1063 1075 1130 3.
1090 1063 1204 1152 princ.
1219 1065 1420 1140 occasionem
1443 1083 1585 1136 sumunt
1607 1071 1809 1168 delinquen·

219 1155 267 1222 di.
285 1156 379 1247 Quid
394 1156 485 1220 euim
510 1159 721 1248 {sequentius
741 1181 917 1249 unquam,
940 1181 1043 1249 qnam
1061 1154 1215 1241 Emptori
1241 1155 1416 1242 absoletas,
1433 1160 1508 1248 plus
1524 1163 1613 1252 justo
1628 1162 1806 1248 laudando,

218 1246 401 1314 obtrudere
418 1270 539 1316 merces
551 1297 561 1333 ,
575 1247 742 1341 illumque
758 1272 823 1315 nou
842 1266 971 1315 tantum
988 1248 1030 1314 ad
1045 1242 1240 1326 dimidium,
1264 1245 1324 1312 sed
1342 1247 1431 1314 liend
1456 1272 1530 1315 raro
1553 1251 1639 1318 ultra
1663 1256 1806 1326 alterum

219 1352 351 1404 tantum
369 1335 498 1404 laedere
514 1339 638 1430 pariter
654 1354 755 1432 atque
771 1338 940 1432 decipere,
958 1338 1047 1428 Lag.
1066 1338 1111 1406 In
1127 1356 1255 1404 causae
1277 1335 1326 1402 16.
1343 1337 1372 1426 ἃ.
1390 1339 1479 1408 idem
1499 1339 1713 1435 Pomponius
1730 1347 1749 1436 4
1755 1351 1802 1440 ff

218 1429 265 1498 de
288 1427 453 1496 Minorib.
471 1452 530 1518 pro
546 1453 604 1496 sua
620 1429 756 1498 velanda
774 1430 1006 1522 turpitudine,
1024 1453 1095 1496 earn
1112 1422 1300 1520 allegando,
1318 1425 1469 1496 fraudem
1495 1429 1669 1520 iacientes,
1695 1461 1755 1528 per
1778 1441 1802 1508 l.

221 1521 332 1610 29.ff.
356 1521 402 1588 de
427 1519 513 1587 LI).
532 1519 597 1588 Sed
614 1521 768 1614 quamvis
781 1521 905 1614 grande
922 1519 1013 1588 nclas
1030 1521 1179 1609 privatus
1195 1519 1362 1610 privatum
1382 1519 1579 1614 decipiendo
1599 1529 1802 1619 committat,

222 1610 414 1680 levidense
431 1625 541 1678 tamen
557 1631 620 1698 est,
637 1615 665 1678 si
689 1612 858 1703 privatum
876 1637 953 1678 cum
970 1611 1102 1702 publico
1117 1610 1242 1678 bonum
1260 1609 1340 1676 velis
1356 1633 1555 1702 comparare.
1573 1613 1685 1686 Omne
1709 1622 1801 1688 enim

215 1705 367 1786 crimen,
383 1701 473 1796 qnod
488 1703 624 1794 turpido
638 1705 836 1786 comitatur,
852 1704 878 1770 si
892 1704 1021 1792 privato
1037 1725 1076 1768 eo
1089 1702 1130 1770 sit
1146 1701 1311 1780 nocitum,
1329 1701 1511 1770 uelandum
1526 1728 1605 1772 sane
1621 1709 1684 1775 erit
1701 1729 1802 1802 atque

218 1794 470 1882 turpissimum,
486 1795 512 1860 si
548 1793 670 1860 ›ulilica
689 1793 767 1859 inde
783 1795 910 1861 utilitas
924 1794 1031 1884 capiat
1052 1791 1315 1878 detrimentum,
1341 1789 1487 1862 SALUS
1511 1798 1603 1864 cuim
1628 1797 1802 1870 POPULI

218 1881 440 1951 SUPREttt
465 1819 563 1951 LEb
576 1883 708 1952 ESTO.
722 1885 937 1976 Quapropter
951 1883 1028 1950 odio
1042 1883 1090 1948 illi
1109 1885 1295 1975 plusquam
1311 1879 1509 1964 Vatinium,
1526 1909 1585 1954 nec
1603 1911 1705 1978 P⁰⁰¹¹⁰
1725 1893 1801 1960 vul.

216 1977 286 2064 gari
305 1974 509 2066 dignissimi,
534 1977 596 2082 qui
615 1976 650 2040 in
675 1975 829 2066 publicae
853 1977 899 2042 rei
925 1973 1074 2042 fraudem
1093 1997 1258 2040 aribonem
1278 1973 1427 2041 vexando
1449 1979 1661 2060 attentando,
1686 1982 1801 2075 flagel-

215 2064 318 2132 lando
334 2066 479 2132 reddunt
493 2090 662 2133 cariorem.
679 2066 879 2132 Dardanarii
897 2065 931 2130 lii
948 2067 1095 2132 ominoso
1110 2068 1247 2134 nominc
1271 2063 1503 2154 appellantur,
1524 2091 1606 2160 qnos
1630 2072 1715 2162 ipsos

216 2156 296 2246 pulo
309 2157 508 2224 execrabiles
524 2158 723 2248 pronunciat
738 2159 869 2248 Regum
892 2155 1165 2246 sapientissimus
1184 2154 1372 2222 SALOttO
1388 2156 1489 2224 Prou.
1518 2183 1568 2224 rt.
1592 2181 1621 2226 e.
1649 2163 1702 2229 ab.
1727 2099 1798 2230 iii-

214 2245 355 2312 stissime
368 2246 491 2315 exinde
505 2250 622 2316 lterum
639 2247 773 2314 obviam
789 2249 875 2316 itum
890 2248 1048 2313 avaritiae
1065 2261 1128 2330 est,
1145 2265 1216 2314 tam
1234 2245 1416 2314 Mendetis
1442 2275 1546 2342 qnam
1571 2250 1798 2324 Constitutio-

215 2335 314 2406 nibus
330 2339 655 2430 Principum,teste
684 2339 834 2431 Ulpiano
859 2339 894 2403 in
919 2337 1039 2404 famosa
1065 2339 1121 2404 illa
1147 2339 1195 2408 L.
1221 2337 1410 2404 Annonem
1428 2339 1458 2406 6.
1463 2345 1509 2434 ff
1535 2343 1579 2409 de
1603 2343 1795 2416 Extreord.

216 2429 328 2496 Crim.
343 2427 433 2496 Cum
447 2455 523 2498 vero
539 2431 599 2498 lioc
621 2429 761 2496 crimine
776 2430 906 2495 nullum
932 2440 1000 2494 toto
1024 2427 1079 2494 die
1102 2429 1312 2524 frequentius
1335 2432 1457 2520 patrari
1482 2431 1670 2518 videamus,
1696 2441 1797 2508 etita

212 2521 348 2612 quidem
368 2535 404 2588 nt
424 2523 631 2611 impunitum
647 2520 815 2612 plerisque
833 2521 900 2586 lere
917 2519 951 2584 in
970 2519 1047 2586 locis
1062 2519 1293 2612 relinquatur,
1309 2518 1440 2612 Operae
1455 2548 1508 2589 mc
1525 2524 1669 2614 pretium
1688 2527 1797 2598 sactu-

212 2636 289 2678 rum
304 2613 459 2696 arbitror,
471 2613 496 2678 si
513 2617 606 2706 juxta
622 2609 760 2678 ductum
777 2611 814 2676 d.
833 2610 879 2678 L.
897 2609 1097 2693 Annonam,
1113 2609 1335 2678 Dardanerios
1350 2622 1384 2676 et
1400 2607 1451 2678 his
1467 2613 1591 2680 similes
1606 2609 1796 2713 ltorumqne

211 2705 279 2768 vita
303 2715 336 2768 et
361 2703 450 2770 vitiis
473 2702 672 2809 condignam
696 2725 834 2807 poenam
852 2699 1003 2792 publicae
1020 2701 1246 2792 Disputationi
1265 2701 1447 2792 subjecero.
1465 2703 1549 2772 Rem
1575 2707 1731 2798 equidem
1755 2738 1794 2780 eo

212 2793 283 2870 ipso
299 2792 482 2860 tenuissimi
499 2793 563 2860 mei
580 2793 707 2884 ingenit
726 2793 810 2860 vires
825 2791 955 2884 longius
969 2789 1195 2882 egredientem
1212 2791 1405 2884 aggredior,
1424 2807 1461 2860 ut
1475 2819 1535 2885 pro
1562 2813 1646 2864 terea
1666 2797 1793 2870 Erudi-

211 2878 338 2950 tisrum
357 2883 643 2974 reprehensionem
659 2883 839 2976 justissime
853 2881 965 2948 videar
981 2882 1170 2950 incurrisse:
1186 2883 1256 2950 lIoc
1272 2900 1381 2948 tamen
1395 2883 1476 2950 mihi
1495 2819 1603 2954 adbuc
1618 2889 1792 2963 solaminis

207 2989 375 3065 superest,
392 2974 514 3042 Etiam
529 2978 566 3040 in
581 2979 716 3068 magnis
731 2973 773 3044 V
770 2973 838 3044 OL
848 2970 994 3041 UISSE
1007 2996 1077 3040 non
1092 2973 1185 3040 omni
1199 2971 1302 3040 lande
1316 2995 1447 3040 carere.
1466 2973 1572 3044 Dabis
1595 2977 1711 3070 itaque
1734 3007 1794 3050 ve-

209 3065 316 3145 niam,
334 3067 521 3154 anagnosta
538 3063 705 3148 Candide,
722 3066 749 3132 si
764 3089 831 3132 non
847 3065 958 3132 omnia
975 3061 1016 3128 ad
1033 3063 1179 3168 palatum
1205 3083 1313 3130 tuum.
1330 3061 1382 3129 De
1406 3061 1577 3132 Exercitio
1599 3067 1793 3141 Academico

204 3153 337 3222 edendo
353 3156 512 3224 sollicitus
539 3157 671 3222 animus
694 3169 758 3240 est,
783 3180 850 3222 uon
873 3154 915 3220 de
938 3153 1018 3221 orbe
1032 3153 1242 3220 informando
1309 3153 1421 3221 litiori.
1440 3154 1617 3224 Summum
1644 3174 1794 3230 tantum·

207 3245 304 3310 modo
326 3247 475 3327 Numen,
503 3273 520 3312 a
555 3273 623 3312 tuo
652 3246 861 3337 Principium
885 3243 1072 3314 laciendum
1102 3267 1217 3328 omne,
1253 3177 1384 3312 i'ooueil.
1413 3245 1468 3336 59.
1496 3271 1644 3338 prooem.
1670 3253 1792 3321 bumil-

207 3337 296 3401 ltmis
322 3363 457 3406 veneror
481 3275 658 3430 precibus,
684 3361 744 3432 pro
766 3359 881 3428 scopo,
907 3334 968 3428 qni
992 3335 1095 3428 gloria
1127 3337 1256 3428 ipsius,
1281 3333 1431 3404 Proximi
1462 3336 1582 3420 Salus,
1607 3339 1791 3414 felicissime

214 3429 445 3522 tonsequendo.
805 3487 826 3526 s

448 3611 559 3679 Verba
577 3610 615 3678 L.
636 3610 817 3678 Annonam
834 3609 865 3675 6.
882 3609 915 3675 ff.
931 3608 973 3676 de
989 3609 1163 3678 Extreord.
1174 3609 1357 3680 Criminib.
1376 3609 1541 3704 Ulpianus

754 3702 849 3770 Libr.
867 3699 897 3767 8.
914 3699 956 3767 de
970 3699 1063 3770 offic.
1080 3701 1233 3770 Procons.

250 3883 443 3952 Annonam
468 3899 644 3952 attentare
667 3901 701 3951 et
724 3906 853 3951 uexere
868 3881 920 3950 uel
942 3887 1092 3951 maxime
1109 3881 1333 3952 Dardanarii
1347 3883 1473 3952 solent.
1492 3883 1648 3977 Quorum
1665 3892 1791 3958 avari·

200 3975 272 4040 tiae
284 3975 416 4043 obuiam
432 3981 518 4043 itane
533 3994 585 4043 est
601 3991 672 4043 tam
688 3975 872 4044 Mendetis
900 3999 1000 4066 quam
1015 3974 1336 4043 Constitutianibus.
1363 3975 1549 4048 Mendetis
1568 3977 1714 4072 denique
1736 3987 1788 4050 ite

200 4081 359 4153 cauetur,
378 4067 564 4135 Praeterea
578 4066 714 4134 debebis
725 4067 919 4149 custodire,
935 4091 977 4133 ne
993 4063 1225 4134 Dardanerii
1238 4066 1347 4134 ullius
1361 4072 1484 4136 mercis
1499 4071 1592 4154 sint,
1607 4093 1650 4138 ne
1665 4087 1725 4140 aut
1742 4073 1788 4140 ab

198 4157 254 4222 lu's
266 4163 326 4247 qui
340 4175 515 4253 coemptas
531 4183 655 4227 merces
670 4159 899 4250 supprimunt,
914 4173 977 4225 aut
993 4183 1015 4226 a
1031 4157 1323 4252 locupletioribus,
1338 4159 1398 4253 qni
1408 4162 1552 4250 fructus
1566 4186 1647 4230 suos
1669 4169 1787 4257 aeqrtis

193 4250 322 4339 pretiis
335 4250 479 4318 rendere
495 4249 649 4334 nollent,
665 4251 746 4318 dam
760 4255 873 4319 minus
888 4251 1010 4318 uberes
1019 4267 1207 4344 protentus
1220 4266 1409 4344 expectant
1420 4299 1429 4336 ,
1440 4275 1484 4318 ne
1497 4277 1641 4320 annona
1664 4279 1785 4322 onere·

196 4359 265 4406 ter.
283 4341 404 4409 Poena
419 4356 531 4409 autem
548 4343 586 4410 in
603 4343 664 4410 bos
687 4345 782 4412 uarie
807 4347 998 4410 statuitur:
1025 4341 1116 4408 Nam
1132 4341 1355 4435 plerumque,
1379 4347 1412 4410 si
1434 4343 1661 4436 Negotiantes
1683 4361 1785 4426 sunt,

197 4434 431 4519 negotiatione
446 4433 495 4500 eis
508 4450 644 4502 tantum
660 4433 898 4522 interdicitur,
914 4431 1094 4502 interdum
1116 4449 1152 4500 et
1179 4433 1333 4525 relegari
1354 4433 1488 4521 solent,
1512 4435 1710 4502 humiliores
1734 4436 1782 4500 ad

196 4547 284 4615 opus
294 4521 470 4615 pubiicum
487 4524 577 4592 dari.

241 4611 270 4700 ἃ.
289 4615 494 4684 1.Onerant
510 4633 624 4685 autem
639 4641 819 4684 annonem
835 4621 941 4683 etiam
956 4629 1109 4684 staterae
1124 4611 1367 4698 adulterinae,
1381 4613 1425 4680 de
1439 4613 1564 4709 quibus
1581 4614 1630 4682 D.
1648 4613 1784 4706 Traja-

194 4731 259 4772 nus
277 4707 426 4774 edictum
440 4713 637 4801 proposuit,
652 4733 720 4803 quo
734 4707 847 4777 edicto
860 4732 1008 4801 poenam
1031 4707 1116 4801 legis
1137 4707 1321 4776 Corneliae
1336 4707 1374 4773 in
1390 4730 1448 4774 eos
1470 4707 1611 4788 statuit,
1629 4709 1779 4799 perinde

193 4821 237 4862 ac
252 4798 286 4862 si
301 4799 398 4890 Lege
419 4799 455 4866 T
451 4805 718 4884 estamentaria,
741 4799 833 4892 quod
848 4799 1236 4892 testamentumsalsum
1259 4798 1471 4892 scripsisset,
1491 4800 1690 4882 recitasset,
1715 4799 1781 4868 da·

197 4903 342 4958 muretus
356 4905 455 4958 esset.

190 5069 205 5136 I
236 4981 264 5066 ἃ.
284 5005 315 5044 2.
340 4979 411 5050 Sed
433 4997 467 5050 et
493 4983 541 5050 D.
566 4981 798 5065 Hadrianus,
822 5007 898 5050 eum
922 4983 1109 5075 quisalsas
1134 5005 1310 5052 mensuras
1334 4981 1470 5064 babuit,
1495 4980 1532 5048 in
1550 4983 1700 5054 insulam
1726 5009 1782 5054 re·-

204 5088 336 5162 egavtt.
1696 5111 1701 5122 ·
