4456 6332
333 371 402 427 ..22
708 361 759 420 na
776 361 936 419 arrccm
953 365 1154 422 runrsnmr.
1172 361 1415 425 macunsrrr.
1713 365 1780 420 ..22
1862 390 1867 398 -
1961 351 1965 358 “

257 461 402 518 terrionen
421 455 460 511 im
479 451 583 526 Dorffe
601 453 680 526 bade,
700 473 795 528 moege
818 455 878 528 uns
892 457 1045 512 2122221122·
1080 455 1305 510 lateansnilundi
1318 451 1486 526 pignorando
1499 452 1643 510 defendere
1658 455 1852 530 possittiarpr.¹

256 545 422 600 Feidmarek
433 543 536 613 juger,
555 539 591 592 oi
610 555 640 592 er
655 539 744 610 gieiela
768 552 846 596 sonet
863 542 901 596 im
919 543 1028 596 andern
1080 541 1110 594 P.
1132 552 1155 594 2.
1174 550 1262 595 const.
1283 551 1324 594 22.
1342 535 1398 608 des.
1419 549 1443 591 1.
1461 556 1490 590 n.
1510 551 1535 592 1.
1556 540 1648 610 ntique
1660 549 1687 594 et
1699 541 1733 607 is,
1752 541 1798 612 qni
1812 544 1852 609 ju·

256 627 360 698 Dorffi
380 627 506 691 2221122212
517 623 587 695 qnod
599 623 695 694 probat
713 641 746 677 er
764 624 928 697 praejudicio
944 642 1029 679 came·
1079 621 1266 677 risdictionem
1284 621 1486 692 circumseptam
1500 620 1590 687 habet,
1609 622 1639 674 in
1658 639 1706 677 sno
1724 621 1808 676 lando
1820 621 1851 677 id

256 730 301 768 m
327 715 361 766 do
386 726 458 765 anno
480 717 558 763 tent.
584 708 658 775 cujus
683 707 748 760 haec
772 705 866 764 rerba:
892 707 964 780 Ans
979 710 1031 764 der
1078 705 1147 775 juris
1165 723 1290 760 exercere
1303 704 1409 776 poterit·
1430 704 1482 758 Sed
1502 703 1531 756 id
1549 705 1850 775 potissimuminitiar·
1889 718 1918 761 21

255 797 408 867 Rekingten
416 789 622 848 Reconoention
635 790 719 862 geben
733 789 778 845 die
789 791 896 861 Clrurli.
905 793 1028 847 Brundi.
1080 789 1141 842 chia
1158 799 1373 844 controrersum:
1398 804 1433 842 au
1459 789 1483 841 si
1510 805 1589 858 pecus
1615 791 1733 844 alienum
1752 793 1790 847 ita
1808 793 1851 864 pi·

257 875 649 934 commendaticias-neone
662 891 724 930 aum
742 875 889 939 1121212211,Ι
906 877 977 932 Weii
994 879 1027 930 G.
1078 873 1238 944 gnorarerit,
1257 872 1344 944 possit
1361 873 1432 924 intra
1451 882 1526 942 septa
1545 889 1590 926 sus
1610 874 1742 930 deducere
1759 893 1849 948 pecus,

256 981 317 1018 oon
345 961 469 1017 rtomen
493 959 570 1014 niclrt
587 957 673 1010 ollein
698 956 1027 1028 suecisisclre,findern
1078 961 1181 1030 etipse
1200 961 1329 1012 domnum
1348 957 1619 1022 aestimarc,aneero
1639 959 1747 1016 habenti
1767 963 1849 1031 juris-

257 1049 328 1104 aucit
340 1046 527 1104 Hoerckiscire
540 1043 630 1108 lehn,
638 1043 707 1116 *und
722 1043 910 1100 inconderlreit
925 1045 955 1096 in
973 1047 1027 1101 Sti·
1079 1045 1227 1098 dictionem
1247 1043 1422 1096 universalem
1441 1041 1471 1093 id
1488 1041 1656 1096 committere
1684 1045 1801 1098 debeat?
1814 1047 1850 1101 Et

255 1131 324 1186 cken
343 1130 426 1186 einen
439 1125 793 1193 cenommannica
807 1127 1028 1199 niniatgenelaret
1080 1129 1129 1182 hoc
1148 1127 1281 1200 posterius
1299 1123 1505 1179 affirmandum:
1524 1143 1585 1178 cum
1606 1128 1679 1180 enim
1697 1129 1852 1198 jurisdictio

257 1215 363 1270 werden
374 1253 384 1280 ,
410 1215 471 1268 dem
496 1211 774 1268 londes-Gedrouela
804 1213 876 1266 nocte
901 1212 959 1282 neos
974 1215 1025 1268 den
1078 1211 1252 1284 circumsepta
1270 1212 1301 1264 in
1318 1210 1593 1281 agrononobtineat,
1611 1229 1660 1266 nec
1679 1213 1725 1264 hic
1741 1211 1851 1268 effectus

256 1299 424 1354 relaturam
443 1299 535 1352 Finiat
551 1317 584 1352 au
597 1297 693 1367 jopen,
712 1311 740 1350 es
757 1311 805 1368 try
823 1297 900 1350 donn
920 1301 968 1352 des
991 1301 1026 1352 G.
1076 1294 1222 1359 obtinebit;
1241 1295 1353 1366 insuper
1372 1304 1398 1348 et
1416 1294 1542 1346 damnum
1558 1294 1648 1348 datum
1668 1297 1698 1348 in
1716 1296 1765 1350 ttto
1783 1298 1850 1365 1220,

255 1383 290 1436 F.
307 1387 339 1438 V.
358 1385 481 1437 Thnmen
495 1382 595 1448 bercer,
608 1385 650 1434 nis
657 1381 732 1450 jetro
745 1383 903 1450 gesclreleen,
916 1384 1025 1439 ermeire
1076 1383 1121 1452 qui
1141 1379 1275 1449 subjectns
1294 1389 1351 1432 erat
1367 1379 1553 1448 jurisdictioni
1573 1379 1731 1446 universali3
1742 1399 1804 1454 ergo
1824 1396 1851 1438 ut

255 1467 314 1522 and
329 1469 470 1538 2222112122,
484 1468 548 1522 dass
560 1465 730 1520 ilrmsotclres
744 1468 869 1522 niebeoor
883 1472 1024 1536 generaret,
1076 1471 1109 1518 ab
1128 1465 1241 1518 habente
1260 1466 1327 1516 lianc
1346 1463 1565 1533 jurisdictionem
1586 1462 1657 1516 idem
1677 1467 1850 1532 aestimetur,

257 1554 316 1607 und
331 1555 441 1624 dotans
446 1554 489 1608 ein
504 1553 604 1606 andere
622 1552 766 1606 trertroete
783 1554 892 1608 worden
905 1569 963 1624 rey.
975 1557 1026 1608 Pu·
1076 1552 1176 1620 justum
1194 1560 1244 1602 est.
1262 1551 1297 1603 iit
1315 1550 1379 1602 hino
1397 1553 1485 1601 ‚rnno
1504 1560 1581 1603 1111.
1593 1550 1651 1602 dnn
1673 1561 1716 1604 11.
1739 1555 1846 1606 Octobr.
1887 1563 1918 1604 22

258 1647 342 1692 tarem
362 1641 492 1692 rationem
512 1637 657 1691 decidendi
682 1637 713 1688 in
738 1638 786 1690 hac
811 1641 944 1691 scatentia
970 1655 1022 1692 non
1075 1635 1278 1708 pronunciatum
1295 1635 1450 1688 aiacuttate
1466 1632 1582 1703 juridice
1596 1635 1676 1704 hujus
1687 1637 1849 1692 academiae:

253 1722 319 1776 inde
337 1722 532 1793 inquirendam,
550 1722 612 1792 quia
629 1719 761 1773 rusticum
782 1721 876 1774 initio
894 1739 960 1793 pago
977 1724 1024 1773 ha·
1080 1721 1147 1776 Und
1162 1721 1199 1773 im
1206 1719 1272 1788 suli
1293 1737 1324 1773 er
1342 1719 1431 1790 piricii
1456 1717 1568 1772 22121222
1590 1720 1719 1774 Geriulrte
1740 1723 1845 1776 dinnen

256 1809 318 1871 bet,
343 1809 391 1861 scd
416 1808 480 1878 quia
504 1807 640 1876 litigantes
659 1806 701 1858 rei
720 1806 815 1858 t'ratrcs
834 1807 875 1859 acl
892 1809 1024 1876 patrueles
1076 1813 1173 1864 Zotans
1198 1810 1266 1863 nter
1286 1810 1374 1862 rectu
1397 1810 1567 1863 vermednise
1592 1807 1656 1864 Zeit
1671 1813 1727 1866 siclt
1747 1816 1848 1884 gedro-

253 1903 338 1960 orant,
357 1893 404 1964 qui
424 1909 483 1944 com
495 1895 555 1962 jure
567 1891 680 1945 venandi
693 1909 774 1964 super
790 1891 886 1946 talibus
904 1894 1024 1964 praediis
1075 1900 1146 1965 neiat,
1161 1914 1248 1952 maere
1261 1895 1330 1948 doctr
1342 1895 1481 1950 derseiden
1496 1909 1592 1949 ausser
1607 1894 1656 1950 des
1675 1899 1781 1964 Zouns,
1794 1898 1857 1967 uqf

253 1981 387 2045 investiti,
403 1983 451 2032 sed
464 1995 511 2049 per
524 1979 717 2031 successionem
736 1976 845 2030 t'eudum
863 1977 1021 2047 diviserant,
1074 1985 1162 2037 denen
1182 2001 1216 2036 au
1235 1979 1328 2034 seinen
1349 1979 1407 2032 und
1424 1977 1516 2032 eeiner
1531 1981 1617 2033 Lente
1629 1979 1738 2050 Hoffen
1750 1985 1849 2051 genoe-

253 2081 306 2134 quo
323 2079 383 2116 casu
401 2064 444 2133 jus
464 2063 576 2118 renaudi
595 2063 732 2116 ordinarie
750 2064 778 2114 in
798 2063 934 2116 communi
953 2067 1021 2118 reti·
1074 2066 1150 2136 rigen
1168 2063 1262 2134 Hadra
1284 2063 1342 2118 und
1358 2063 1484 2116 ,rectem
1503 2061 1579 2115 nictit
1596 2061 1706 2135 dqsugl:
1719 2067 1847 2122 Sonderra

254 2162 320 2199 nere
337 2147 440 2215 solent,
458 2149 614 2218 pracsertim
633 2148 655 2198 si
674 2162 729 2198 non
748 2147 903 2200 omnimoda
923 2147 961 2200 sit
978 2148 1021 2197 di·
1074 2169 1106 2208 or
1123 2151 1181 2207 und
1196 2148 1273 2203 seina
1290 2153 1374 2204 Lente
1386 2164 1453 2218 reyn
1466 2149 1597 2218 rohaidig,
1610 2167 1692 2204 wana
1704 2152 1847 2223 oaestmoa

253 2227 331 2296 risio,
350 2229 390 2282 uti
407 2230 457 2282 hoc
476 2232 505 2282 in
524 2245 593 2295 casu,
613 2229 657 2282 oti
677 2229 761 2281 adhuc
787 2231 918 2282 rusticum
936 2231 967 2283 in
984 2233 1021 2282 rd-
1072 2235 1168 2306 Hersen
1188 2235 1245 2288 und
1264 2236 1390 2288 Aeckern
1410 2235 1528 2290 scitoden
1546 2234 1707 2306 qescdieiret,
1727 2238 1787 2291 und
1801 2259 1847 2310 ge·

255 2313 338 2366 terina
356 2331 423 2385 pago
443 2317 590 2369 retinuerat
608 2331 677 2369 retti-
1071 2321 1206 2394 psoendet
1217 2321 1316 2386 warde,
1336 2320 1380 2374 die
1400 2319 1530 2390 Psoende
1549 2320 1578 2374 in
1598 2323 1675 2376 Eure
1688 2321 1753 2393 (qui
1768 2324 1849 2377 itabe-

288 2399 346 2452 troc
364 2399 433 2452 lorte
452 2403 538 2453 adhuc
555 2401 672 2470 disquiri
691 2409 810 2470 poteram
826 2417 914 2455 annon
934 2411 1021 2454 tamen
1073 2413 1119 2464 bat
1136 2406 1353 2480 jurisdictionem
1370 2405 1566 2477 universalem)
1590 2408 1716 2462 Gericltte
1733 2423 1767 2462 su
1784 2408 1849 2478 ties·

251 2483 457 2555 circumseptam
474 2487 691 2558 jurisdictionem
717 2489 835 2553 habeus,
855 2489 962 2559 aucupii
980 2493 1022 2558 jus
1063 2495 1146 2567 sem,
1161 2495 1218 2548 und
1231 2491 1507 2546 dorclrdieseibeden
1521 2493 1647 2548 sctodm
1666 2513 1701 2549 au
1721 2493 1847 2549 desistati-

250 2571 280 2620 in
300 2585 347 2621 suo
365 2567 447 2622 tundo
465 2587 587 2624 exercere
606 2573 711 2641 possit?
724 2573 754 2623 E.
770 2573 804 2625 G.
822 2574 863 2625 01
882 2589 913 2626 er
929 2577 1024 2628 Moclrt
1072 2601 1140 2653 μη,
1160 2579 1219 2633 ond
1233 2577 1389 2646 getolrltct
1414 2578 1557 2632 sclroetaen
1578 2598 1613 2632 au
1629 2582 1730 2635 Iassen.
1755 2583 1849 2638 Refert

250 2653 321 2707 tote
339 2653 399 2722 ors
405 2653 510 2708 seinem
523 2657 617 2709 Acker
632 2659 753 2712 nerelnn
765 2677 798 2710 an
810 2659 961 2712 atreiclten?
975 2664 1023 2713 noc
1075 2675 1126 2724 hoc
1144 2664 1277 2737 Soheplia.
1290 2663 1328 2718 ad
1339 2669 1461 2720 consnet.
1479 2663 1586 2716 Moroi-
1599 2665 1636 2717 P.
1652 2675 1675 2717 1.
1690 2675 1707 2716 t
1725 2675 1750 2716 1.
1763 2689 1809 2740 qo.
1822 2683 1846 2725 a.

252 2739 325 2792 enim
344 2738 373 2790 in
391 2755 453 2808 agro
470 2740 583 2810 quodam
597 2745 718 2796 solitario
731 2745 849 2796 exerceri
863 2755 954 2815 potest
970 2749 1022 2798 Sed
1074 2775 1102 2811 n,
1124 2755 1383 2826 22,0192rtm0.l0
1408 2771 1511 2826 quoque
1533 2755 1561 2806 in
1587 2771 1691 2811 amera
1711 2758 1845 2816 elector-,11

252 2843 314 2880 cum
330 2829 373 2896 jus
389 2827 496 2899 aucupii
513 2829 650 2882 ordinarie
669 2832 723 2900 juri
742 2834 856 2887 venandi
875 2851 1021 2902 annerum,
1073 2843 1276 2911 pronunciatum
1304 2839 1387 2893 fuisse
1417 2839 1554 2894 annotarit
1582 2840 1679 2896 itidem
1710 2845 1842 2918 Scheplia.

227 2985 228 2990 ἵ
252 2914 317 2968 dure
334 2914 381 2968 der
403 2913 556 2985 Vogelderd
577 2917 723 2972 tlilrttalrn
742 2921 908 2991 onlaoengig,
922 2923 1022 2976 ethico
1069 2935 1142 2996 port.
1165 2935 1188 2976 1.
1207 2924 1247 2977 nt.
1267 2935 1309 2976 21.
1329 2943 1357 2977 n·
1378 2937 1402 2977 a·
1422 2923 1559 2977 Caeterum
1580 2945 1645 2998 quae
1664 2927 1697 2982 de
1715 2933 1841 2987 salicibus
1882 2946 1914 2992 21

250 2999 434 3070 praesumptio
452 2999 504 3070 eit,
525 3002 595 3082 quod
620 3005 666 3075 qui
691 3005 771 3061 habet
787 3007 832 3062 die
856 3008 1021 3077 ntldtoln,
1073 3009 1104 3061 in
1122 3009 1207 3078 platea
1225 3026 1279 3061 non
1299 3009 1432 3083 ponendis
1449 3011 1481 3066 ab
1501 3011 1558 3079 itta,
1577 3013 1623 3084 qui
1642 3015 1843 3092 circumseptam

250 3086 332 3137 habet
355 3085 438 3137 etiam
453 3086 508 3139 den
531 3083 713 3167 Volpelderd,
741 3092 851 3150 Adrian.
875 3097 1020 3168 Gylmanfl,
1071 3093 1287 3165 jurisdictionem
1312 3095 1408 3163 habet,
1435 3109 1522 3152 moret
1547 3097 1679 3171 Schepiir.
1701 3101 1727 3154 d.
1752 3122 1796 3172 qn.
1816 3117 1843 3158 1.

249 3172 441 3242 nymphorem.
458 3175 600 3230 camerni.
631 3179 708 3235 Tum,
732 3195 753 3236 1,
768 3197 843 3253 pan,
862 3197 888 3239 2.
913 3191 975 3246 1201,
997 3201 1020 3243 l.
1073 3198 1101 3232 n.
1122 3187 1166 3230 at.
1184 3177 1231 3231 iila
1249 3179 1282 3232 de
1301 3180 1410 3252 speciali
1431 3181 1623 3236 consuetudine
1648 3184 1842 3254 intelligimus3

250 3277 280 3312 n.
300 3269 340 3312 21.
359 3274 413 3331 seq.
432 3276 488 3314 non
504 3261 583 3314 aliter
602 3263 652 3318 hoc
669 3268 886 3338 jurisdmuonem
905 3276 1020 3330 circum.
1071 3267 1139 3321 alias
1157 3265 1231 3319 enim
1249 3267 1343 3327 salices
1362 3285 1470 3338 ponere,
1490 3268 1519 3320 in
1539 3267 1639 3323 nullius
1652 3281 1841 3326 nocumentum
1858 3285 1861 3292 ’

253 3356 353 3416 septam
378 3343 486 3399 habenti
509 3350 719 3422 concedendum,
737 3374 816 3426 quam
835 3359 858 3413 si
878 3362 1021 3434 ingruere
1072 3363 1218 3425 sergentes,
1238 3372 1291 3408 non
1310 3354 1516 3423 jurisdictionis,
1536 3354 1581 3407 sed
1600 3371 1687 3410 merae
1700 3359 1842 3412 voluntatis

253 3431 335 3483 liceat
353 3430 437 3486 cuivis
455 3431 556 3504 privato
576 3437 707 3504 ejusmodi
726 3459 785 3497 aser
804 3447 922 3502 minores
946 3467 1020 3520 capo.
1072 3452 1097 3494 et
1115 3437 1225 3493 arbitrii
1244 3454 1286 3492 ree
1306 3448 1354 3492 eat.
1371 3438 1519 3492 Desimeln
1537 3450 1762 3514 aeroanlesepes
1779 3461 1842 3498 con·
1881 3455 1911 3496 21

248 3538 294 3586 ης
316 3527 435 3590 spectant
450 3533 512 3574 sero
531 3539 593 3580 aum
611 3523 719 3579 kieineu
744 3531 1020 3601 Vogel-Weidnerck,
1072 3523 1225 3588 stituendo,
1244 3525 1287 3578 rel
1307 3523 1399 3577 linteis
1417 3525 1446 3576 in
1467 3525 1524 3578 loco
1548 3525 1656 3595 publico
1676 3528 1843 3598 apricatione

249 3610 384 3674 Lerclren,
403 3605 539 3672 dincken,
566 3608 714 3680 Zeirclren,
734 3625 785 3668 222.
803 3619 937 3674 Wohner.
964 3621 1021 3676 oto,
1072 3609 1463 3680 candefaciendis,quodidem
1478 3609 1803 3682 Schepliadrabendqn.
1819 3625 1843 3666 2.

245 3707 331 3770 prust.
350 3715 413 3754 voc·
438 3697 605 3768 Vogeisroid.
1072 3717 1099 3752 n.
1121 3712 1163 3754 to.
1183 3697 1213 3749 id
1231 3714 1291 3750 cum
1309 3698 1447 3752 ordinarie
1465 3697 1551 3752 cuiris
1568 3697 1671 3767 prirato
1683 3695 1770 3764 liceat,
1785 3713 1841 3750 mo·
1880 3708 1911 3750 ts

181 3802 214 3850 ¹ls
289 3790 424 3858 Quatenus
441 3799 503 3838 roro
527 3801 586 3838 cum
609 3785 669 3854 jure
694 3785 808 3841 restandi
833 3790 1019 3858 conjunctum,
1072 3801 1149 3841 rosus
1168 3781 1310 3840 admodum
1336 3782 1405 3838 soret
1430 3781 1605 3835 universalem
1626 3780 1840 3849 jurisdictionem

246 3887 355 3948 eatenus·
376 3875 401 3928 ei
425 3872 615 3942 denegandum.
636 3873 714 3942 Quod
735 3874 758 3927 si
779 3883 868 3927 tamen
890 3875 1017 3947 Princeps
1071 3871 1180 3936 habens,
1200 3869 1263 3924 haec
1284 3870 1308 3922 si
1327 3868 1478 3936 denegaret,
1490 3865 1652 3935 praesertim
1671 3864 1694 3917 si
1712 3865 1771 3935 ipse
1783 3868 1840 3918 loco

249 3962 279 4014 in
298 3959 457 4016 investitum
475 3961 517 4028 jus
536 3957 648 4013 sonandi
673 3957 776 4028 utrique
799 3978 939 4015 commune
958 3979 1019 4016 con-
1069 3957 1175 4029 publico
1195 3955 1227 4008 ad
1247 3955 1294 4008 hos
1312 3970 1375 4006 usus
1392 3967 1459 4024 opns
1476 3967 1530 4003 nnn
1549 3949 1672 4018 haberet3
1687 3949 1753 4002 alias
1765 3949 1838 4002 enim

251 4045 375 4110 cesserit,
394 4061 437 4098 res
456 4053 532 4097 extra
558 4059 638 4096 omne
662 4043 771 4095 dubium
792 4053 846 4108 est;
866 4047 895 4098 in
915 4056 1017 4100 tantum
1068 4048 1167 4115 justam
1187 4037 1334 4108 denegandi
1352 4053 1455 4090 eausam
1474 4035 1592 4089 haberet.

244 4133 319 4192 enim
335 4133 395 4198 jure
411 4129 523 4186 renaudi
540 4129 652 4196 utimur,
666 4130 832 4200 inquantum
855 4131 894 4182 rel
913 4149 1020 4185 conces-
1105 4127 1189 4180 Porro
1212 4125 1306 4176 Praais
1325 4121 1371 4175 hic
1391 4121 1421 4174 in
1439 4119 1560 4173 Marehia
1578 4129 1637 4173 nota
1656 4129 1710 4184 est,
1729 4117 1841 4190 quodid*
1878 4129 1910 4173 21

250 4221 326 4273 aione
344 4217 480 4288 Principis
498 4218 538 4272 rel
556 4233 604 4288 per
624 4213 864 4288 praescriptionem
885 4217 950 4269 illud
971 4235 1017 4269 no·
1067 4213 1087 4266 li
1107 4213 1177 4283 ipsi,
1197 4211 1244 4280 qui
1266 4205 1421 4262 translaturi
1442 4217 1504 4260 runt
1523 4205 1714 4260 haereditatem
1740 4223 1774 4258 ex
1801 4208 1838 4259 lo·

250 4317 332 4362 strum
358 4302 483 4356 ierimus:
501 4300 534 4354 de
551 4319 601 4372 qua
619 4299 831 4370 praescriptione
857 4302 1015 4353 consulatur.
1066 4314 1096 4352 ro
1121 4313 1173 4350 uno
1197 4295 1226 4347 in
1251 4294 1347 4357 atium
1377 4293 1418 4344 tel
1441 4291 1488 4361 ‘1¹¹i
1507 4289 1605 4358 alioqui
1626 4291 1754 4351 muitiuri
1777 4299 1840 4342 ⁵1¹¹st

246 4392 305 4446 Noe
329 4393 445 4446 Meurer.
477 4389 566 4444 Troct.
589 4405 648 4442 von
669 4385 808 4456 logi-rud
825 4385 1015 4438 Forst-Iieclet.
1066 4383 1142 4436 sedes
1169 4397 1240 4444 suas,
1266 4379 1369 4432 solvant
1393 4386 1492 4429 certam
1518 4373 1648 4426 bonorum
1667 4372 1839 4442 portionem,

243 4476 463 4550 2221211212.
484 4474 533 4528 wie
551 4471 690 4527 Fostiiciae
714 4469 911 4539 Gereclttipkeit
930 4487 1011 4539 proe-
1064 4483 1175 4537 quarum
1197 4463 1242 4516 illa
1260 4461 1369 4533 quidem
1389 4459 1520 4531 appellari
1541 4456 1607 4510 solet
1627 4455 1767 4508 Abselaosr
1791 4472 1839 4509 seu

244 4566 367 4620 scritiret
385 4565 481 4630 werde,
502 4572 550 4614 etc.
1065 4551 1176 4606 Gabella
1194 4543 1392 4606 haereditari„
1412 4541 1477 4595 baec
1495 4557 1559 4595 sero
1572 4539 1680 4611 Adaug.
1694 4555 1739 4591 sen
1753 4539 1840 4607 gatel-

181 4663 212 4706 21
283 4652 345 4704 Pari
362 4652 467 4704 ratione
479 4642 686 4718 impignorandi
702 4640 764 4696 inde
778 4637 950 4690 determinari
967 4655 1013 4706 po·
1064 4637 1089 4688 12
1109 4629 1295 4702 emigrationis
1315 4628 1368 4683 rid.
1388 4625 1469 4680 tloht.
1489 4626 1528 4681 od
1542 4623 1657 4678 Constit.
1677 4625 1782 4677 Marcia.
1794 4645 1838 4692 qo.

245 4738 374 4802 terit3en
387 4737 444 4789 scii.
457 4736 661 4806 circumseptum
672 4727 889 4799 jurisdictionem
903 4723 1013 4786 habens,
1068 4733 1110 4775 2ο.
1129 4737 1147 4770 n
1179 4729 1202 4769 2.
1225 4715 1358 4786 Sclaoplia.
1379 4713 1404 4766 d.
1424 4715 1460 4766 P.
1481 4723 1506 4765 a.
1525 4711 1564 4764 tit.
1584 4722 1609 4762 1.
1629 4717 1649 4772 t.
1672 4711 1837 4806 2222122-

244 4825 333 4896 possit
344 4825 459 4897 aliquem
474 4823 504 4874 in
518 4839 580 4890 agro
593 4821 624 4872 ad
640 4817 836 4888 repastinante
854 4808 1014 4884 pignorare?
1065 4807 1098 4859 dc
1118 4821 1187 4862 reru,
1199 4802 1310 4856 dubium
1328 4799 1431 4866 uritur,
1452 4797 1496 4850 cui
1514 4797 1578 4894 iraec
1597 4795 1713 4894 gairelln,
1726 4811 1791 4863 qnae
1805 4809 1833 4844 sn

244 4911 312 4965 Nam
331 4925 390 4964 enm
410 4907 568 4981 pignorandi
581 4905 689 4960 facultas
702 4905 759 4970 jure
774 4903 893 4955 1122222222
904 4895 1012 4968 quidem
1064 4889 1187 4944 diarchia
1207 4903 1236 4940 es
1255 4883 1406 4957 quindena,
1426 4901 1470 4936 seu
1483 4881 1585 4934 decima
1599 4891 1692 4950 quanta
1705 4894 1768 4950 pars
1783 4894 1836 4976 vop

245 4979 402 5066 regulariter
420 4995 568 5065 improbata
587 5009 635 5064 per
655 4993 686 5044 t.
709 4988 825 5058 Quintus
843 4981 954 5038 Mutius.
971 4993 1013 5034 tt.
1065 4975 1143 5030 einen
1161 4971 1297 5044 iegiiclien
1315 4967 1519 5022 Moerekimiren
1538 4965 1643 5020 retoct
1663 4973 1686 5014 1.
1701 4961 1836 5016 11222212-

249 5091 272 5145 t·
301 5082 438 5151 Quamvis.
460 5093 482 5134 1.
491 5078 533 5150 ff.
553 5079 591 5134 ad
607 5079 638 5132 t.
657 5075 752 5147 Aquii.
779 5072 898 5128 moribus
925 5079 1012 5122 tamen
1064 5061 1128 5115 scire
1151 5055 1301 5113 Graecien.
1319 5053 1370 5106 rid.
1393 5051 1508 5106 Constit.
1528 5049 1632 5104 Murcia.
1653 5049 1685 5101 212
1704 5051 1740 5098 A.
1759 5055 1834 5142 tstr.

245 5166 406 5220 Germaniae
424 5163 513 5218 ubieis
532 5162 588 5218 iere
607 5167 712 5229 recepta
726 5159 779 5210 Dn.
793 5155 906 5212 21221).
922 5153 1013 5207 10De·
1063 5145 1113 5201 snb
1132 5143 1173 5198 tit.
1193 5161 1250 5195 von
1271 5136 1428 5208 Kinderged
1445 5136 1504 5192 nnri
1514 5132 1649 5204 Erigeid,
1662 5129 1790 5183 debeatur
1805 5145 1833 5181 tn

247 5252 295 5307 cis.
316 5260 359 5307 11.
378 5271 406 5305 n.
426 5263 450 5302 s.
470 5251 523 5304 Da.
544 5248 665 5320 Ktippen.
677 5253 779 5313 quaest.
799 5250 840 5293 st.
860 5259 889 5294 n.
911 5247 951 5292 tt.
968 5235 1014 5290 Co·
1064 5230 1157 5304 pagis,
1178 5244 1213 5279 an
1231 5223 1340 5278 babenti
1359 5221 1574 5292 jurisdictionem
1593 5215 1786 5277 universatem,
1798 5231 1831 5266 an

256 5340 305 5394 les.
325 5343 354 5394 Ρ.
377 5349 398 5390 t.
419 5337 508 5394 Deris.
525 5348 583 5390 rso.
596 5353 623 5388 n.
640 5345 663 5387 t.
677 5327 740 5384 aden
759 5335 788 5382 ut
806 5327 922 5398 privatus
935 5323 1018 5388 liber·¹
1067 5316 1253 5391 particularem
1272 5327 1320 5365 seu
1338 5303 1559 5377 circumseptam?
1575 5301 1605 5356 si
1618 5313 1788 5438 ξίοατηωω
1802 5295 1834 5348 221

320 5425 421 5480 d'tra'kii
440 5425 501 5482 Vol.
521 5427 545 5480 1.
