4456 6332
328 497 382 554 825
635 493 686 551 DE
702 491 784 550 MT·
804 485 851 547 ET
869 486 987 545 nutttt.
1007 483 1158 546 DECRET·
1177 487 1450 550 ttttEtttnttsutct:
1718 499 1772 558 aas

256 603 392 662 claudum.
414 599 471 655 noo
487 608 575 654 tameu
587 596 617 651 lu
629 594 742 652 caeteris
754 590 868 646 decretis
881 587 1022 645 interimi·
1044 583 1051 676 1
1076 603 1157 657 super
1174 603 1294 641 conitere
1313 597 1341 642 et
1359 587 1522 656 accessorio,
1535 595 1610 663 cupis
1622 611 1680 650 oum
1699 600 1860 674 principali·

255 691 335 746 sticis
354 685 532 741 necessarium
552 701 606 739 uon
624 693 677 748 est,
697 679 738 732 uti
759 677 873 732 iuferius
891 693 914 731 c.
935 687 959 729 t.
979 675 1024 728 de·
1075 671 1148 728 idem
1171 672 1300 742 iudicium
1319 677 1493 745 pronunciat,
1512 679 1530 730 l.
1551 689 1592 732 22.
1612 688 1634 745 ς.
1659 697 1681 736 r.
1700 685 1738 738 ud
1753 689 1784 741 l.
1803 693 1846 744 A.

254 771 486 838 monstrabu,ubi
500 771 581 826 simul
600 768 665 839 quid
683 765 716 822 de
728 765 810 821 Fabri
822 762 950 834 opinione
964 778 1023 814 sen·
1074 761 1142 832 pail.
1162 760 1180 812 l.
1201 756 1296 828 tmffi
1316 762 1349 815 de
1365 763 1400 815 li·
1425 764 1456 816 V.
1476 762 1533 820 vid.
1551 765 1577 816 lr.
1596 779 1654 838 cup.
1673 787 1700 821 n.
1718 771 1847 842 ambire
1883 789 1912 832 tt

182 875 185 884 ’
253 860 392 921 tiendum,
410 855 559 924 subjiciam.
579 851 706 924 Quamvis
726 868 780 904 uon
796 864 905 920 negem,
920 848 1024 918 saepius
1073 841 1204 899 beneficio
1217 846 1712 924 alienoiurisdictiouemhabeucqme
1724 859 1847 914 mandare

182 919 189 936 '
250 947 323 1001 'ultra
341 961 401 998 snus
421 941 550 996 terminos
568 938 729 993 senteutiam
749 931 956 1006 provisionalem
974 942 1021 982 ex·
1074 927 1128 980 diei
1148 929 1228 995 solet,
1241 938 1269 981 at
1283 945 1341 981 eam
1360 927 1485 984 obtinens
1505 930 1654 1004 delegatus,
1668 937 1748 993 bodie
1766 940 1845 998 Com.

254 1030 346 1095 teudi,
366 1026 431 1082 dum
449 1027 490 1082 ael
509 1023 615 1079 ratione
634 1019 761 1076 materiae
780 1018 822 1073 sel
838 1015 940 1085 obiecti
962 1014 1022 1068 talis
1075 1011 1227 1077 missorius,
1242 1029 1304 1066 nam
1317 1021 1345 1066 et
1357 1013 1385 1066 hi
1398 1014 1530 1071 decretum
1544 1019 1767 1080 interimisticum
1780 1046 1845 1099 pro·

254 1115 370 1181 dicitur,
388 1115 429 1170 vel
448 1111 531 1166 etiam
558 1108 667 1163 ratione
694 1104 808 1160 iormrer
827 1103 862 1156 Et
879 1101 928 1155 boc
946 1099 1024 1153 modo
1074 1095 1194 1157 mulears
1211 1109 1329 1168 manunt.
1347 1099 1415 1152 Utnt
1434 1102 1508 1154 enim
1526 1104 1681 1161 commissio
1700 1110 1737 1162 stt
1754 1112 1841 1166 ruricii

252 1198 399 1254 sententias
425 1211 458 1250 ex
480 1193 656 1248 instrumento
690 1185 918 1260 guarentiginnatu
940 1185 1023 1248 latas,
1074 1179 1162 1246 juris,
1182 1191 1208 1235 et
1228 1189 1303 1234 tenor
1320 1183 1377 1250 dus
1396 1182 1537 1254 diligenter
1553 1189 1739 1260 inspiciendus
1758 1214 1780 1250 e.
1804 1211 1842 1252 rs.

252 1283 447 1355 pmrisionales
472 1293 575 1350 qnoque
598 1273 658 1329 dici
685 1281 799 1346 putant,
824 1269 888 1341 quia
910 1267 1023 1322 interim
1074 1262 1108 1314 Χ.
1123 1261 1156 1318 de
1172 1260 1255 1336 Offic.
1268 1265 1352 1340 deleg.
1366 1267 1438 1321 Gaii.
1458 1279 1480 1324 t.
1497 1271 1560 1324 ota.
1575 1283 1616 1326 tt.
1629 1294 1657 1329 n.
1674 1287 1713 1346 η
1725 1281 1788 1350 quia
1806 1293 1845 1337 ω.

252 1367 405 1424 executioni
429 1361 606 1426 mandentur,
622 1357 757 1431 pendente
775 1354 860 1409 adime
877 1353 926 1408 lite
944 1369 1024 1422 super
1075 1364 1137 1400 men
1151 1348 1185 1404 Ι).
1199 1349 1220 1401 Ι.
1235 1367 1316 1422 super
1329 1353 1457 1408 connexis
1469 1358 1511 1411 rel
1524 1357 1706 1418 subordinatis
1717 1366 1845 1436 quodam·

254 1451 407 1525 exceptione
423 1447 558 1522 opposite,
570 1462 637 1517 qnae
654 1453 744 1497 tamen
762 1439 868 1494 altioris
887 1437 1025 1508 indaginis
1075 1431 1155 1486 modo
1176 1433 1331 1506 protertur,
1350 1449 1376 1492 et
1395 1439 1500 1494 articuli
1518 1448 1681 1501 controversi
1698 1450 1847 1520 expeditio·

254 1547 320 1593 erat.
338 1537 411 1590 Paul.
430 1523 561 1590 Christin.
574 1529 614 1585 ud
627 1531 758 1586 consuet.
773 1525 869 1579 Herbi.
880 1523 920 1578 tit.
937 1536 958 1575 t.
972 1532 1024 1576 urs.
1075 1533 1137 1571 uem
1151 1521 1294 1576 necessitas
1308 1522 1415 1588 suadete
1427 1536 1544 1596 potestas
1557 1528 1590 1584 de
1601 1531 1650 1587 boc
1661 1537 1841 1606 pronuncian-

257 1635 297 1678 so.
316 1639 344 1674 n.
366 1632 388 1672 t.
407 1618 460 1672 Sed
473 1619 510 1672 ita
523 1615 645 1671 nimium
661 1621 807 1682 repraeter
819 1616 937 1661 mentem
955 1605 1024 1660 alio·
1076 1601 1104 1654 di
1123 1601 1314 1661 commissario
1331 1627 1384 1663 uon
1406 1610 1574 1684 deneganda,
1595 1635 1652 1690 arg.
1678 1620 1696 1674 l.
1718 1621 1792 1692 ²·ff·
1812 1625 1845 1678 ὼ

252 1722 315 1760 runt
326 1703 453 1759 ictorum
461 1697 647 1774 pmrisionalis
663 1691 1024 1764 sententiaeappellationsm
1080 1684 1225 1740 Juriseiict.
1239 1707 1315 1744 cons.
1330 1691 1401 1747 Gaii.
1416 1693 1444 1746 d.
1457 1696 1520 1752 Obr.
1532 1716 1561 1752 n.
1574 1710 1599 1753 a·
1611 1701 1727 1775 seqq-Et
1738 1704 1802 1760 hinc
1816 1709 1844 1761 in
1882 1719 1913 1762 tt

183 1849 186 1856 ⁴
253 1784 363 1842 extendi
381 1784 554 1840 manifestum
571 1792 623 1838 est.
645 1775 774 1835 Germani
794 1778 828 1830 Ι).
842 1779 863 1830 l.
877 1788 967 1831 vocant
979 1775 1024 1831 ein
1075 1785 1170 1840 genere
1190 1771 1264 1826 diors:
1284 1793 1391 1830 omnem
1411 1779 1549 1850 iudicem,
1565 1787 1611 1856 qni
1631 1787 1735 1841 ratione
1753 1801 1845 1846 musae

252 1869 499 1933 interime-Metel,
517 1865 560 1922 ein
580 1860 871 1922 Interim-Bucheid.
889 1859 956 1912 Vid.
975 1857 1025 1911 Be-
1075 1852 1235 1924 principalis
1253 1868 1406 1930 competens
1425 1874 1481 1929 eat,
1494 1865 1571 1920 illum
1589 1868 1672 1922 ctiam
1690 1883 1844 1944 competen-

183 1971 184 1976 ’
253 1954 319 2012 sold.
344 1955 473 2010 Tlesuur.
498 1954 594 2006 Proct.
618 1949 693 2003 rubr.
719 1942 962 2002 Interim-[utel.
987 1943 1024 1996 lta
1077 1947 1131 1990 tem
1150 1955 1207 1992 esse
1226 1954 1348 2012 respectu
1365 1947 1432 2013 juris
1444 1949 1475 2001 ad
1487 1949 1599 2003 iuterim
1615 1955 1793 2010 concedendi:
1809 1961 1846 2012 si.

182 2015 187 2025 ι
253 2039 375 2096 enodatis
388 2053 454 2108 quae
466 2035 500 2088 ad
514 2033 704 2088 vocabulorum
724 2030 928 2103 explicationem
946 2027 1024 2082 iacis·
1075 2037 1106 2076 rs
1124 2021 1169 2075 ille
1186 2023 1275 2075 iudex
1293 2027 1419 2082 secularis
1432 2030 1485 2099 sit,
1498 2031 1554 2086 sire
1568 2036 1770 2094 ecclesiasticus.
1784 2041 1843 2097 Lis,

253 2125 333 2188 bant,
345 2123 399 2191 jam
412 2119 510 2172 realem
523 2113 734 2181 definitionem,
753 2133 800 2170 seu
816 2113 908 2184 potius
925 2113 1025 2168 descri-
1076 2107 1149 2158 enim
1168 2123 1257 2162 eorum
1277 2108 1441 2170 Consistorio
1462 2117 1593 2188 pendente
1605 2139 1687 2193 super
1698 2126 1845 2182 remotione

251 2208 374 2280 ptionem
383 2205 456 2260 trado
469 2204 550 2258 talem
562 2223 569 2254 ι
582 2203 731 2257 Decretum
749 2199 972 2256 Interirnists'cum
985 2209 1026 2254 est
1075 2191 1167 2245 clerici
1175 2232 1184 2259 ,
1200 2194 1394 2250 consistorium
1412 2198 1440 2252 ei
1455 2199 1583 2260 alimenta
1595 2203 1706 2264 interim
1719 2211 1842 2282 suigmt.

250 2295 400 2350 Decretum
421 2287 532 2342 Judicis
550 2284 805 2350 interlocutoriam,
823 2285 958 2354 pendente
976 2283 1023 2337 lite
1075 2277 1121 2332 Sic
1140 2276 1163 2330 si
1183 2276 1215 2329 de
1234 2281 1408 2336 matrimonio
1417 2283 1452 2338 lis
1458 2323 1469 2351 ,
1482 2285 1680 2345 consistorium
1693 2293 1786 2350 itidem
1796 2297 1843 2352 ali·

249 2375 400 2450 prpncfpap
411 2374 453 2428 „1
463 2373 581 2428 pum„
595 2369 788 2440 mmmm,
801 2369 904 2440 ,312un
917 2367 946 2420 tn
959 2385 1023 2436 m.
1074 2373 1160 2416 menta
1168 2401 1176 2427 ,
1190 2364 1229 2416 vel
1242 2365 1318 2418 uxori
1337 2368 1378 2419 rel
1396 2363 1455 2423 iiiio
1473 2387 1506 2424 ex
1519 2389 1549 2426 ea
1563 2387 1684 2447 suscepto
1698 2377 1841 2448 adjudicat

250 2465 319 2517 tium
336 2457 452 2531 alicujus
467 2474 551 2531 super
577 2455 685 2528 negotio
712 2455 832 2525 quodam
858 2453 1021 2508 dilutionem
1072 2447 1125 2500 Sed
1143 2447 1188 2500 ubi
1209 2465 1294 2502 curam
1312 2450 1385 2504 cicili
1403 2453 1498 2507 iudice
1517 2473 1594 2511 causa
1606 2459 1841 2532 principaliorer-

249 2563 307 2602 non
326 2544 489 2618 recipiente,
509 2561 546 2598 etc
567 2542 652 2613 juxto
673 2557 759 2595 ceusu
777 2540 875 2605 lotum,
894 2538 1019 2604 interius,
1072 2531 1155 2597 litura
1174 2531 1220 2586 5¹¹0
1237 2539 1340 2604 quoque
1358 2535 1465 2590 interim
1485 2539 1621 2594 decretum
1640 2541 1712 2599 serre
1729 2553 1834 2620 poteria.

251 2634 338 2686 don„
356 2631 397 2686 „1
412 2645 499 2685 m„
516 2625 671 2691 decidatur,
687 2626 729 2681 „1
746 2623 965 2696 rmppdrmemum
978 2641 1019 2677 η.
1071 2616 1128 2666 imo
1150 2614 1177 2667 in
1197 2634 1258 2669 casu
1276 2619 1444 2673 necessitatis
1463 2622 1649 2680 alimentorum
1668 2623 1784 2700 quilibet
1793 2639 1845 2692 Ju-

250 2727 404 2782 moventur,
423 2710 637 2769 observandum.
1070 2699 1120 2752 ‘¹⁰¹
1146 2700 1284 2770 limidi?e
1308 2713 1407 2772 1²⁰¹&-
1435 2707 1474 2759 ⁰0
1498 2707 1594 2763 iudice
1619 2727 1787 2785 competente
1811 2721 1840 2774 in

285 2798 398 2855 Generis
419 2799 476 2852 loco
499 2796 578 2867 pond
600 2794 734 2849 decretum
759 2792 1018 2855 interlocutoriam
1071 2786 1283 2841 summarissimo
1303 2789 1355 2842 vid.
1372 2790 1465 2844 Umm·
1483 2793 1522 2845 ud
1536 2811 1653 2860 process.
1674 2799 1752 2872 Disp.
1770 2813 1795 2854 t.
1814 2824 1841 2858 n.

250 2884 360 2939 dubium
379 2884 452 2938 enim
471 2889 598 2946 nonest,
619 2879 686 2948 quin
703 2879 745 2930 uti
763 2877 910 2938 sententia,
930 2875 968 2926 ita
988 2885 1015 2926 et
1074 2881 1113 2921 ts.
1128 2888 1159 2937 p.
1177 2888 1212 2921 m.
1235 2881 1292 2923 trt-
1314 2873 1354 2926 lie
1371 2874 1474 2930 arbitro
1492 2879 1642 2946 quaeritur,
1661 2883 1726 2954 quid
1746 2885 1836 2942 dicen·
1872 2903 1902 2946 ss

250 2968 385 3024 decretum
404 2965 476 3022 aliud
497 2957 666 3016 definitivum
693 2959 766 3013 aliud
785 2955 1014 3012 interlocutorium
1071 2949 1156 3004 dum?
1174 2952 1205 3006 Et
1226 2955 1344 3021 ridetur,
1363 2959 1433 3028 quod
1454 2959 1487 3012 Ι).
1508 2961 1528 3013 1.
1549 2961 1619 3018 ierre
1639 2981 1763 3038 nequeat,
1782 2985 1842 3026 curu

249 3055 307 3108 dici
325 3049 419 3125 possit.
438 3050 601 3117 Quamquam
622 3041 790 3096 communius
804 3040 859 3094 iere
878 3039 1014 3093 decretum
1069 3054 1161 3090 omnes
1181 3036 1238 3092 iere
1256 3055 1349 3095 causae
1374 3061 1441 3114 quae
1460 3043 1489 3096 id
1513 3047 1684 3117 desiderant,
1703 3053 1836 3110 arbitrum

249 3157 297 3210 pro
317 3131 517 3190 interlocutoria
545 3127 678 3182 sententia
702 3123 839 3196 capiature
856 3139 908 3176 non
931 3135 1018 3178 tanren
1070 3135 1202 3196 respuant.
1221 3123 1298 3178 Coni.
1318 3126 1369 3179 lln.
1391 3130 1481 3184 Strur.
1501 3130 1702 3201 ndffEase
1718 3139 1755 3190 st.
1778 3155 1836 3196 too.

248 3229 392 3294 perpetuo,
411 3216 458 3270 red
476 3232 525 3286 pro
543 3211 650 3265 diuersa
669 3207 946 3278 decreti-acceptione.
966 3207 1019 3261 Da-
1070 3209 1104 3261 Et
1118 3209 1219 3262 arbiter
1230 3219 1303 3262 corel
1313 3211 1513 3280 iurisdictione,
1524 3217 1586 3287 quia
1600 3221 1766 3290 privatorum
1780 3243 1842 3280 uon·

249 3318 350 3361 aarum
362 3319 422 3360 aero
435 3295 668 3353 interlocutoriam
681 3294 722 3348 sel
734 3292 899 3348 obstaculum
912 3293 941 3344 in
952 3309 1019 3364 pro·
1071 3296 1160 3349 sentio
1181 3294 1257 3346 illum
1276 3297 1364 3349 saltim
1384 3300 1522 3354 cunstituit
1529 3340 1538 3366 ,
1553 3303 1599 3372 qui
1616 3305 1840 3364 iurisdictionem

250 3407 352 3444 cessum
372 3386 464 3440 saltem
483 3379 606 3434 incidens
634 3387 768 3432 removet:
787 3375 873 3446 qualia
892 3384 956 3430 sunt
973 3374 1019 3427 dc·
1072 3379 1134 3436 dare
1148 3399 1200 3436 nou
1215 3381 1354 3444 seleucum
1368 3400 1420 3436 non
1435 3383 1837 3460 habenti,perl.prioaromm

251 3484 324 3526 ae«.
342 3469 375 3524 de
388 3471 436 3522 uu
448 3462 636 3526 aaronitae
650 3461 770 3516 testibus
781 3458 1022 3525 admirantium·
1076 3481 1099 3521 ε.
1112 3469 1144 3524 c.
1158 3469 1192 3521 aa
1206 3465 1348 3520 roratur.
1364 3467 1436 3519 num
1451 3467 1540 3539 suque
1553 3472 1626 3525 num
1637 3475 1676 3528 vn
1689 3479 1800 3548 cogendi
1814 3480 1843 3533 ro
1880 3493 1911 3534 n

251 3555 406 3610 strumentis
417 3551 528 3608 edendis
535 3589 544 3617 ,
559 3559 584 3603 et
600 3545 875 3618 uliaqt'tsmplurimflt
890 3547 931 3620 tel
943 3545 1019 3600 sileri
1071 3553 1183 3616 arbitro,
1198 3551 1243 3606 sed
1256 3553 1311 3620 ejus
1323 3552 1441 3616 laudum,
1457 3553 1620 3622 privatorum
1633 3559 1729 3615 tacitus
1742 3563 1783 3618 vel
1794 3581 1840 3616 ex·

253 3639 420 3710 litigantium
439 3640 480 3707 jus
493 3633 601 3706 sb'quud
614 3632 748 3702 pendente
762 3630 809 3684 lite
821 3629 932 3683 iuterim
941 3645 1018 3683 ⁰101·-
1070 3654 1178 3708 pressus
1196 3653 1336 3690 consensus
1354 3636 1497 3707 approbet,
1510 3649 1537 3692 et
1549 3659 1679 3697 consensu
1696 3641 1837 3706 deficiente

252 3723 365 3776 cendum
383 3721 528 3788 concedit,
548 3726 576 3772 et
591 3715 642 3768 hoc
665 3715 735 3769 illud
752 3724 793 3768 est
815 3715 968 3780 decretum,
987 3710 1021 3768 do
1071 3731 1171 3774 mutum
1189 3719 1222 3772 ad
1242 3737 1352 3791 poenm
1377 3733 1475 3791 agatur.
1499 3727 1569 3780 Noa.
1594 3735 1636 3780 at.
1662 3743 1685 3781 c.
1709 3739 1748 3782 ts.
1768 3737 1787 3793 t.
1815 3745 1835 3785 t.

250 3825 302 3878 quo
322 3806 392 3862 mihi
411 3823 506 3861 sermo.
568 3824 571 3832 ·
1071 3808 1145 3860 zoes.
1164 3799 1248 3871 udff.
1267 3804 1405 3874 derecept·
1420 3807 1514 3861 arbitr.
1527 3826 1554 3861 n.
1571 3822 1611 3863 ts.
1627 3811 1831 3882 captivatorum
1875 3831 1906 3871 55

288 3892 399 3945 Causam
412 3889 580 3944 efficienifim
596 3885 740 3944 constituto
752 3884 948 3955 judicem,lion
963 3889 1021 3934 ian-
1068 3889 1205 3944 conventio
1224 3900 1323 3944 unium
1342 3905 1434 3944 epum
1451 3889 1612 3948 decisionem
1626 3895 1651 3948 pi
1666 3899 1835 3954 wmmiuere

250 3987 307 4030 tum
326 3991 461 4029 summum
491 3975 586 4038 illum,
606 3973 653 4043 qui
675 3987 778 4024 summa
802 3969 831 4022 in
850 3968 917 4037 Rep.
937 3967 1020 4038 pollet
1069 3982 1219 4036 censeatur,
1244 3990 1296 4026 uon
1322 3974 1426 4028 ridetur
1451 3975 1562 4030 iuterim
1588 3977 1729 4035 decernere
1749 4001 1836 4054 posse.

251 4067 393 4130 potestate,
413 4059 487 4128 cnjus
506 4057 659 4128 proprium
678 4063 720 4110 est
744 4050 881 4118 officium.
899 4067 1021 4106 exemere
1068 4058 1148 4112 Modo
1171 4075 1218 4128 per
1241 4058 1370 4112 arbitrum
1398 4077 1450 4112 non
1471 4061 1635 4133 intelligatur
1661 4063 1765 4131 iudex,
1784 4067 1831 4139 qui
1869 4081 1906 4121 tt

251 4144 412 4216 judicium,
434 4143 569 4212 justitiam
594 4140 805 4205 administmre,
830 4147 857 4192 ct
881 4135 1020 4208 egentibus
1068 4141 1203 4212 cognoscit
1220 4150 1247 4194 et
1268 4142 1414 4196 arbitratur
1431 4145 1462 4198 iu
1483 4147 1634 4201 actionibus
1653 4149 1715 4202 bon.
1736 4147 1783 4203 fid.
1803 4163 1834 4207 et

251 4229 379 4304 praebere
405 4227 551 4294 auxilinm,
568 4244 592 4283 c.
617 4237 659 4280 tt.
682 4241 757 4279 cous.
782 4233 824 4276 tt.
847 4241 891 4294 qu.
912 4233 936 4274 ⁵·
958 4219 1020 4290 (ptis
1069 4227 1231 4291 arbitrariis,
1250 4223 1275 4298 5
1295 4241 1336 4282 ao.
1357 4239 1456 4300 etseq.
1474 4234 1544 4284 Inst.
1565 4229 1598 4284 de
1610 4235 1722 4286 Action.
1734 4235 1837 4289 ethinci

252 4311 401 4370 communis
424 4313 549 4366 omnium
578 4308 733 4365 sollicitudo
750 4327 765 4362 a
783 4309 840 4360 Deo
857 4307 884 4360 ei
901 4305 1021 4375 injuncta
1068 4311 1165 4366 arbiter
1184 4311 1297 4376 dicitur,
1315 4312 1332 4363 l.
1354 4323 1395 4362 tt.
1422 4316 1498 4368 verb.
1525 4314 1651 4387 officium
1675 4317 1780 4373 arbitri.
1790 4318 1830 4388 ff.

252 4406 321 4458 Noa.
345 4414 402 4456 sas.
421 4398 449 4453 in
466 4413 510 4468 pr.
529 4397 610 4452 etsie
628 4393 853 4466 quoqueiuterim
872 4392 1017 4445 decennem
1069 4397 1169 4466 Depos.
1193 4395 1211 4448 t.
1232 4407 1255 4448 a.
1278 4397 1310 4451 C.
1329 4395 1362 4450 de
1387 4395 1493 4469 inoffic.
1518 4401 1613 4454 donat.
1642 4401 1727 4456 sarua
1748 4401 1834 4472 adff.

249 4485 461 4552 necesselrabet,
476 4480 746 4537 utlaesioomniset
764 4477 1019 4548 injustitiasuspeu·
1071 4482 1172 4535 Exere.
1198 4493 1222 4534 s.
1249 4483 1287 4534 tla-
1311 4491 1354 4548 sp.
1379 4481 1414 4535 Et
1437 4485 1556 4552 quamvis
1581 4485 1645 4539 alias
1663 4487 1774 4540 arbitria
1792 4489 1825 4541 ad
1868 4502 1899 4544 st

251 4569 344 4637 datur,
357 4569 397 4623 uti
415 4567 535 4640 loquitur
556 4567 627 4619 Noa.
651 4575 708 4618 ttt.
722 4581 745 4616 c.
761 4575 785 4614 t.
807 4579 873 4616 cers.
891 4561 1020 4632 quemod-
1069 4562 1277 4618 similitudinem
1295 4565 1456 4635 judiciorum
1476 4565 1594 4630 redacta,
1607 4585 1660 4635 per
1677 4568 1695 4620 l.
1714 4583 1735 4622 t.
1746 4567 1787 4639 ff
1803 4575 1836 4626 de

253 4652 327 4718 snod;
347 4653 509 4708 sedomnem
530 4652 621 4714 illuin,
635 4651 683 4720 qui
695 4647 913 4704 iurisdictionem
925 4647 1017 4713 haben
1069 4660 1163 4718 recept.
1183 4648 1276 4701 arbitr.
1297 4661 1323 4704 et
1341 4651 1359 4702 l.
1379 4668 1436 4704 rem
1455 4669 1512 4704 raon
1532 4669 1631 4707 nouum
1655 4663 1694 4706 tt.
1712 4661 1734 4718 ς.
1758 4667 1778 4708 t.
1800 4661 1831 4713 C.

253 4737 307 4789 sire
327 4737 519 4806 juresuo,seu
536 4753 587 4807 qua
605 4731 1020 4803 Magistratus,utlllagistrstus
1069 4735 1101 4790 de
1112 4734 1198 4804 judic.
1217 4735 1287 4787 llaec
1306 4746 1390 4789 tamen
1408 4737 1570 4807 comparatio
1597 4747 1699 4792 tanturn
1721 4740 1753 4793 ad
1774 4760 1833 4812 per-

254 4818 384 4890 quilibet,
404 4819 452 4889 qui
470 4837 534 4890 prae
552 4819 614 4874 aliis
634 4818 715 4872 etiarn
735 4819 871 4872 decretum
890 4815 1021 4870 interimi·
1070 4825 1145 4872 sonas
1156 4815 1291 4888 litigantes
1311 4829 1338 4872 et
1354 4817 1476 4872 ordinem
1496 4819 1659 4890 procedendi
1670 4833 1786 4893 spectat,
1802 4832 1831 4876 ut

254 4903 351 4956 sticum
370 4903 474 4956 condit.
492 4921 549 4974 urg.
568 4904 586 4955 l.
614 4912 638 4954 t.
664 4918 707 4972 pr.
726 4913 752 4955 et
778 4896 801 4974 5·
824 4897 900 4970 ¹·ff·
915 4901 949 4954 de
965 4903 1019 4968 jur.
1071 4902 1131 4955 illae
1150 4917 1276 4974 personae
1295 4917 1361 4972 qnae
1379 4903 1512 4972 judicium
1533 4905 1612 4960 etiam
1632 4907 1774 4961 arbitrium
1796 4925 1837 4960 su-

253 4987 332 5043 delib.
346 4987 411 5041 dum
425 5005 478 5042 unu
492 4989 603 5060 preside
614 4989 704 5044 saltent
718 4987 923 5059 circumspicere
934 5001 964 5040 ac
975 5004 1017 5038 m·
1070 4987 1172 5056 sciperc
1190 4988 1295 5058 possint
1310 4989 1384 5040 Zues.
1404 4988 1430 5041 d.
1450 4989 1469 5042 l.
1483 5006 1536 5041 non
1551 5007 1612 5043 vero
1625 4990 1788 5046 extendenda
1801 4995 1836 5045 nd

253 5089 313 5126 rere
333 5069 429 5138 debet,
446 5089 479 5125 ue
496 5072 555 5142 quis
575 5073 702 5126 damnum
722 5072 835 5132 sentiat,
848 5072 865 5123 l.
887 5083 911 5123 a.
926 5088 967 5141 pr.
977 5067 1020 5138 ff.
1068 5079 1220 5140 potestatem
1240 5071 1352 5137 arbitri,
1366 5071 1441 5143 qussi
1455 5073 1518 5126 haec
1538 5089 1598 5126 curn
1617 5085 1745 5146 potestate
1759 5077 1836 5130 tuui-

255 5157 288 5211 de
301 5151 384 5229 Offic.
395 5160 494 5212 Proca.
507 5155 566 5224 ibi,
584 5157 630 5209 ubi
644 5153 921 5226 actiooompetinsed
939 5153 1021 5208 etiam·
1070 5153 1108 5205 cis
1127 5152 1218 5206 eadem
1239 5155 1308 5208 iacta
1325 5156 1376 5222 sit,
1394 5175 1455 5210 uam
1475 5159 1505 5210 in
1523 5159 1549 5212 ri
1575 5168 1604 5212 ct
1622 5159 1717 5213 effectu
1734 5159 1836 5230 judicia

253 5240 299 5294 ubi
320 5235 382 5293 haec
400 5238 508 5308 deficit,
526 5257 560 5296 ex
578 5237 685 5305 officiet
698 5237 752 5294 sid.
771 5237 875 5292 liebuii.
894 5237 920 5291 d.
939 5247 972 5291 tr.
987 5237 1017 5291 in
1069 5235 1101 5288 ab
1119 5237 1240 5292 arbitriis
1260 5238 1393 5292 differunt
1409 5241 1517 5312 utique,
1531 5244 1584 5296 lin.
1605 5242 1747 5297 Brnnurm.
1766 5245 1836 5298 adt:

185 5341 216 5382 tu
253 5323 371 5396 presset·
389 5345 418 5380 n.
438 5327 557 5383 muodo
568 5327 607 5380 ait
618 5335 827 5397 competens‚et
838 5321 871 5376 ad
884 5341 945 5378 enm
960 5341 1020 5396 spe-
1065 5322 1313 5390 privutornms.0·
1322 5324 1355 5378 de
1366 5324 1507 5381 Jurirdict.
1516 5325 1554 5379 iie
1569 5337 1654 5381 temen
1667 5327 1778 5380 omniuo
1790 5347 1833 5382 ar·
1872 5345 1902 5386 tr

251 5419 305 5463 ctet
327 5411 424 5484 negotii
448 5412 614 5486 principalis
635 5409 750 5474 decisio,
768 5409 830 5482 quia
858 5418 914 5463 tum
934 5408 1016 5462 etiam
1052 5403 1151 5482 'bitris
1171 5407 1203 5459 l).
1223 5407 1244 5460 1.
1264 5403 1417 5478 publicandi
1435 5420 1593 5484 potestatem
1612 5412 1745 5484 adiutam,
1766 5414 1832 5468 barre
