4478 6350
899 0 943 13 ¹*
1008 8 1013 15 ·
1032 5 1048 32 ε·
1135 8 1265 53 .,‚·-·=
1299 2 2053 74 ”ᾏνᾱι-κᾱ-.·“.Μ;.·.ο··ἐ·
2072 23 2140 60 ³¹⁹·

346 575 397 625 3¹5
767 563 981 620 DESCRIPTIO
1000 561 1161 616 INCENDII
1179 559 1359 615 cusnitts.
1729 559 1781 612 31ss

274 671 311 722 ita
332 666 505 730 describitur,
522 663 591 735 quod
609 664 643 716 sit
660 663 817 732 inopinatus
830 674 946 724 euentus,
958 678 1037 730 quent
1089 659 1134 710 illu
1145 659 1223 711 rerba
1236 659 1285 710 hoo
1295 659 1413 710 colurnus
1429 657 1603 716 intellectum.
1616 655 1684 726 quod
1699 655 1851 710 incendium

276 754 379 808 nullum
404 750 547 804 consilium
567 748 709 800 ltumanuru
729 745 881 816 praecidere
898 754 1002 815 potest,
1021 744 1040 798 1.
1090 744 1191 794 casuale
1202 741 1295 796 deleat
1307 739 1369 794 fieri
1380 744 1448 794 citra
1462 739 1560 793 lactum
1579 741 1651 792 illius
1670 741 1798 802 hominis,
1811 743 1854 794 cui

278 849 303 890 ι.
321 845 343 900 ς.
364 847 387 886 s.
406 834 440 887 de
457 831 640 888 adtreinistrot.
667 848 718 884 rer.
742 832 780 884 od
805 828 911 884 Cicitnt.
936 838 1003 897 pert.
1022 827 1040 878 1.
1092 826 1215 880 incendio
1234 827 1359 878 damnum
1378 828 1484 878 datum:
1503 826 1559 878 Nec
1575 827 1647 878 enirn
1665 826 1695 878 id
1713 827 1853 896 quiuputn

276 940 347 993 quoe
355 917 495 988 fortuitis.
513 929 536 968 tt.
549 918 583 972 0.
593 917 626 968 de
636 914 776 984 pignerat.
795 924 848 968 oct·
868 914 970 966 Sebast.
984 915 1041 964 Me·
1093 909 1162 963 iuret
1180 909 1367 972 absurditatis,
1381 910 1484 964 diverso
1500 920 1623 980 respectu
1640 909 1792 963 incendium
1811 909 1853 960 tli-

277 1007 330 1058 die.
350 1006 383 1058 de
401 1002 482 1056 emit.
491 999 609 1068 ¹fttrtsst't.
626 1009 700 1067 pcrt-
722 1011 745 1050 t.
767 1001 800 1065 Q.
821 1008 845 1048 2.
864 1015 892 1050 rt·
916 1009 937 1048 t.
956 1007 981 1049 et
997 995 1040 1046 cui
1093 1011 1151 1046 cere
1170 993 1293 1048 dotorum
1313 1005 1339 1046 et
1356 995 1474 1048 casuale.
1493 995 1563 1046 lllud
1589 994 1641 1047 erit
1665 999 1767 1048 ratione
1783 994 1811 1046 iu
1827 1015 1854 1048 e·

277 1087 369 1142 resisti
382 1103 435 1139 uun
449 1093 546 1154 potest.
566 1083 585 1135 1.
606 1093 646 1134 ts.
665 1089 686 1144 §.
708 1091 732 1132 2.
740 1079 781 1150 Ι
799 1082 848 1134 1οο.
866 1079 1040 1152 flarpprecltt.
1092 1079 1186 1142 reneis,
1206 1077 1252 1149 qui
1272 1078 1361 1130 tlolosa
1382 1077 1577 1131 machinatione
1594 1081 1701 1133 alterius
1717 1079 1794 1132 aedes
1812 1079 1854 1130 in-

276 1175 383 1227 Ccmm.
401 1169 440 1224 nd
455 1177 477 1232 5.
498 1179 522 1220 2.
542 1172 610 1221 Inst.
626 1169 661 1222 dc
679 1165 761 1235 oblig.
780 1183 809 1217 n.
830 1178 873 1218 ss.
1092 1161 1223 1226 renderit;
1242 1163 1289 1213 sed
1309 1162 1407 1214 ratione
1423 1159 1553 1228 potientis
1575 1163 1668 1230 utique
1690 1165 1790 1216 casuale
1808 1183 1854 1233 ap-

315 1256 363 1311 Est
380 1266 469 1308 autern
489 1255 540 1306 tale
557 1251 711 1305 incendium
720 1249 894 1318 firmum,
920 1247 989 1318 quod
1009 1249 1041 1301 nb
1093 1246 1263 1315 pellandum,
1283 1245 1346 1298 dum
1366 1245 1447 1299 abeo
1465 1263 1514 1298 nec
1533 1246 1696 1316 praevideri,
1716 1263 1764 1302 nec
1780 1263 1856 1317 praa·

276 1339 421 1404 improviso
446 1338 550 1392 ridetur
568 1353 626 1390 esse
644 1334 835 1403 separandum.
855 1333 962 1386 Etenim
989 1333 1040 1384 im-
1092 1329 1176 1384 cuceri
1194 1331 1300 1398 poterit,
1319 1330 1373 1382 uisi
1392 1339 1481 1380 minen
1498 1329 1599 1384 ratione
1610 1331 1734 1399 patientis
1752 1332 1853 1402 atiqua-

277 1425 383 1492 provisa
400 1421 526 1474 incendia
543 1417 685 1487 aliquando
705 1416 853 1484 praevideri
872 1423 998 1485 possunt,
1018 1425 1043 1467 ct
1091 1415 1126 1466 lis
1144 1414 1220 1484 culpa
1239 1422 1392 1472 concurrat;
1412 1422 1509 1480 utpote,
1529 1413 1552 1462 si
1571 1413 1727 1468 inimicitius
1739 1431 1798 1468 cunr
1811 1414 1854 1466 in·

277 1509 433 1576 plerumque
451 1506 539 1573 aliqua
558 1501 718 1570 negligentia
737 1500 883 1564 concurrit,
903 1499 966 1551 dum
987 1515 1038 1549 non
1091 1495 1226 1550 cendiario
1245 1495 1373 1560 coluerit,
1388 1495 1433 1547 ubi
1454 1505 1516 1549 uota
1534 1495 1579 1548 illa
1597 1498 1670 1549 Juris
1688 1500 1775 1566 segub
1801 1497 1856 1551 sibi

277 1601 367 1644 exacte
382 1589 472 1642 omnia
489 1589 670 1648 observantur,
683 1584 965 1654 quueobserratiunern
984 1597 1039 1634 me·
1092 1579 1239 1633 rindicubit
1251 1580 1347 1643 heum,
1366 1579 1434 1648 quud
1453 1579 1587 1641 duumum,
1601 1581 1670 1648 quud
1683 1583 1743 1650 quis
1755 1582 1788 1634 ab
1801 1581 1855 1633 ini-

277 1675 418 1738 rebsutun
437 1674 466 1726 in
486 1671 583 1725 talibus
600 1669 673 1720 enim
698 1671 777 1720 rebus
799 1667 958 1737 prudentius
980 1683 1040 1720 ver-
1091 1664 1169 1716 micis
1187 1662 1242 1716 suit
1260 1665 1366 1732 patitur,
1385 1681 1430 1714 sua
1448 1665 1525 1734 culpa
1542 1663 1640 1718 sentire
1656 1664 1817 1732 intelligutur
1829 1663 1854 1715 d.

277 1759 388 1812 sandum
407 1767 463 1820 est,
483 1773 532 1809 uec
551 1752 708 1806 scintillulae
725 1753 807 1804 etium
826 1749 1040 1818 indulgendum,
1091 1748 1108 1799 1.
1130 1758 1172 1798 ts.
1191 1743 1213 1817 5.
1235 1756 1258 1799 t.
1268 1746 1310 1814 Ι.
1330 1746 1363 1800 de
1381 1748 1460 1800 locut.
1473 1748 1544 1815 quod
1559 1757 1645 1800 tamen
1663 1747 1697 1800 ad
1715 1748 1855 1817 particula·

279 1841 436 1910 praesertim
458 1838 493 1891 ob
517 1835 689 1906 irreparabile
714 1835 838 1887 murnum
863 1834 926 1888 iude
948 1833 1041 1886 oriuu·
1089 1845 1131 1882 res
1149 1826 1315 1893 inimicitias,
1334 1840 1361 1882 et
1378 1831 1421 1882 cni
1442 1831 1569 1882 damnum
1589 1847 1681 1900 passus
1692 1848 1794 1883 causam
1809 1833 1857 1884 «le-

279 1923 358 1986 dnm;
378 1922 499 1976 sienim
517 1919 611 1986 ullibi,
630 1928 701 1971 certe
719 1918 764 1970 hic
783 1918 909 1986 sapientis
929 1934 982 1968 non
999 1926 1041 1968 eet
1092 1915 1140 1978 dit,
1158 1923 1200 1966 est
1218 1913 1439 1982 restringendum.
1459 1913 1520 1968 ioh.
1540 1914 1643 1967 bubler.
1661 1916 1696 1968 de
1712 1915 1818 1970 incend.
1833 1933 1854 1968 r.

276 2007 385 2072 dicere,
412 2025 464 2060 uon
490 2015 621 2076 putaram.
646 2002 699 2056 rid.
718 2003 737 2054 1.
757 2014 796 2053 to.
817 2007 838 2063 ς.
858 1996 932 2067 eff.
952 2002 988 2054 cd
1007 2001 1037 2054 L.
1092 2008 1115 2052 2.
1135 2015 1161 2050 n.
1200 2008 1223 2050 2.
1243 1997 1331 2048 Furio.
1354 2001 1384 2066 (2.
1407 2008 1465 2052 tto.
1485 2015 1513 2049 n.
1534 2008 1577 2050 2ο.

276 2089 372 2160 Aquil.
391 2091 471 2142 Secus
488 2098 576 2141 autern
594 2103 623 2138 se
639 2102 683 2138 res
702 2084 779 2140 habet
795 2085 825 2136 in
842 2084 968 2138 lucendio
987 2083 1040 2138 lur-
1125 2080 1164 2131 Er
1187 2079 1284 2149 quibus
1303 2079 1333 2132 id
1353 2079 1475 2135 redditur
1497 2081 1685 2147 manifestum,
1712 2081 1786 2136 nure
1810 2081 1854 2136 da·
1906 2143 1911 2154 ⁸

276 2175 356 2234 tuito:
376 2173 426 2226 hoc
443 2174 515 2226 enirn
529 2170 676 2241 praevideri
688 2187 741 2222 uon
755 2178 849 2238 potest,
868 2185 926 2238 urg.
941 2170 958 2220 1.
972 2181 996 2221 t.
1011 2171 1039 2224 C.
1091 2179 1193 2225 mltum,
1210 2164 1251 2216 rel
1268 2163 1437 2230 incendium,
1457 2166 1559 2234 duplici
1577 2166 1677 2220 ratione
1694 2168 1741 2218 tale
1760 2171 1853 2236 appel·

276 2259 310 2310 de
327 2255 467 2327 pignorat-
486 2267 539 2310 oct.
558 2254 597 2308 rel
616 2253 765 2324 praecisum
784 2252 861 2306 etiam
882 2269 935 2304 nou
954 2261 1043 2322 potest
1090 2243 1150 2308 lari,
1169 2247 1207 2298 cel
1227 2246 1363 2314 duplicem
1380 2265 1518 2315 agnoscere
1530 2249 1675 2317 originem:
1688 2251 1727 2302 vel
1742 2267 1857 2304 accusa

277 2341 421 2412 impediri:
428 2342 446 2392 1.
460 2341 489 2394 in
502 2339 591 2392 rebus.
608 2349 648 2392 ts.
651 2337 692 2408 Ι
705 2337 869 2390 commodat.
891 2336 1038 2388 PetnGre·
1091 2330 1246 2398 superiore,
1265 2335 1305 2384 rel
1323 2331 1475 2400 inferiore,·
1498 2334 1575 2388 Illud
1593 2335 1617 2387 si
1634 2335 1748 2387 fulmine
1767 2335 1856 2390 lorsan

277 2441 332 2494 μ
352 2420 794 2492 Th01022n,synragm.jur.tib.
815 2431 859 2473 tt.
876 2437 898 2473 e.
920 2432 999 2474 rnre.
1016 2433 1041 2472 a.
1092 2414 1270 2469 incendantur
1288 2417 1381 2482 aedem
1405 2422 1481 2484 Hoc,
1500 2418 1523 2471 si
1543 2435 1576 2471 ex
1594 2419 1713 2473 hominis
1736 2422 1858 2474 extranei

276 2507 350 2560 iiiuc
368 2517 396 2562 et
412 2509 453 2562 ris
471 2507 668 2576 majordicitur
681 2502 812 2573 ejusmodi
825 2507 909 2567 casui,
922 2503 940 2554 l.
957 2513 997 2556 tt.
1010 2504 1039 2557 in
1091 2499 1156 2554 lacto
1181 2501 1334 2554 incendium
1359 2502 1480 2569 oriatur;
1503 2521 1555 2573 quo
1579 2521 1658 2558 sensu
1681 2504 1789 2560 Cusuale
1806 2509 1859 2560 erit

265 2589 325 2661 fin.
334 2591 378 2660 Ι.
396 2593 429 2646 de
443 2592 551 2663 pignor-
570 2601 621 2648 aet.
639 2601 664 2645 st
680 2588 1041 2658 istumqucqueappellatus
1090 2583 1255 2648 incendium,
1276 2588 1300 2637 ri
1319 2588 1348 2638 in
1365 2587 1448 2642 vicini
1467 2587 1575 2640 aedibus
1595 2589 1750 2643 incendium
1765 2593 1799 2644 sit
1810 2609 1857 2645 sn·

276 2677 306 2728 in
325 2677 343 2728 1.
364 2688 407 2729 ts.
422 2689 465 2746 pr.
474 2672 515 2744 Ι
535 2673 568 2728 ds
583 2675 687 2744 pignos·
711 2682 764 2726 oct.
784 2673 842 2724 Ituo
855 2670 929 2722 eruti
941 2668 993 2741 βία
1015 2684 1041 2726 et
1090 2666 1203 2730 bortum,
1221 2666 1290 2739 qnod
1310 2686 1380 2722 meas
1394 2672 1598 2742 consumpserit,
1617 2674 1639 2726 ei
1658 2674 1745 2728 eidem
1765 2677 1855 2730 resisti

276 2758 367 2812 divine
385 2761 425 2812 vis
444 2759 543 2812 dicitur
561 2759 580 2814 1.
598 2768 641 2811 ts.
660 2763 680 2819 t.
702 2769 727 2809 ο.
735 2751 880 2823 ffilocoti.
896 2755 951 2808 rid.
965 2755 1042 2823 liuga
1091 2769 1143 2804 uon
1163 2752 1291 2822 potuerit,
1315 2771 1383 2822 quae
1408 2757 1498 2808 omnia
1522 2771 1556 2807 ex
1581 2757 1697 2826 sequenti
1722 2759 1853 2813 Positione

276 2843 389 2896 Doneli.
409 2842 455 2895 ttt.
478 2853 508 2896 tt
536 2853 680 2896 comment.
700 2857 722 2893 c.
742 2851 766 2892 t.
1090 2834 1198 2885 clariora
1216 2836 1335 2889 eradent.

314 2923 443 2978 Additum
461 2934 549 2977 antem
568 2935 606 2978 est
623 2924 654 2976 in
671 2919 868 2990 descriptione,
893 2917 963 2990 quod
988 2921 1040 2973 tale
1126 2917 1402 2976 Distinximusautem
1416 2923 1570 2977 incendium
1583 2926 1768 2994 casuale,qnod
1782 2927 1856 2980 ulitul
1895 2942 1910 2981 s

275 3007 431 3062 incendium
457 3007 561 3062 casuale
584 3005 656 3060 citro
682 3006 766 3059 ullum
792 3002 912 3055 dominis
926 3001 1041 3072 finctum
1091 3000 1127 3054 sit
1140 3019 1208 3071 pure
1226 3001 1344 3066 Casttnle,
1363 3004 1438 3056 eliud
1457 3005 1680 3066 mixtumffllud
1696 3009 1857 3079 appellamus

277 3091 435 3162 contingen
460 3092 533 3160 Quse
555 3089 634 3145 rerba
657 3104 712 3140 nun
730 3097 810 3157 prout
833 3089 920 3156 jacent
943 3086 1040 3141 intelli·
1091 3087 1162 3155 quod
1181 3086 1248 3137 citri
1267 3087 1349 3137 ullum
1369 3085 1487 3140 hominis
1501 3087 1585 3153 illius,
1598 3092 1645 3161 qui
1658 3089 1783 3144 damnum
1798 3113 1859 3162 pes-

277 3175 377 3242 genda,
401 3174 517 3244 alioquin
544 3174 572 3225 id
597 3171 684 3227 forsan
707 3172 830 3240 colligere
853 3172 913 3240 quis
936 3182 1039 3240 posset,
1091 3185 1145 3232 sus,
1164 3165 1262 3219 lactum
1280 3166 1330 3222 luit
1346 3178 1449 3230 ortum;
1467 3173 1528 3223 Hoc
1544 3187 1605 3226 uero
1621 3171 1859 3244 quodculpaeali-

278 3259 353 3326 quasi
370 3259 471 3310 nullum
490 3257 597 3310 duretur
616 3255 772 3310 Incendium
798 3253 951 3321 fortuitum,
970 3257 1039 3324 quod
1090 3249 1155 3320 quid
1174 3249 1276 3304 ratione
1294 3251 1419 3303 marinum
1438 3253 1566 3320 patieutis
1592 3256 1668 3308 habet
1691 3255 1858 3324 admixtum,

277 3340 382 3392 homini
400 3341 526 3409 ituptnari
546 3339 655 3410 possit,
675 3340 723 3391 sed
747 3338 816 3408 quod
841 3355 920 3390 omne
937 3355 1040 3390 mamm
1092 3335 1237 3407 dequibus
1254 3334 1284 3389 in
1304 3335 1524 3407 utbseluentibus
1541 3339 1650 3394 uberius
1668 3341 1822 3394 dicendum.

278 3421 393 3492 aliquam
406 3424 579 3496 superiorem,
587 3434 613 3477 et
625 3426 693 3474 Θοοῠ
708 3420 771 3492 βίον
783 3423 916 3492 requirutt
926 3422 979 3477 Sed
992 3439 1041 3492 per

854 3605 1287 3676 POSITIOIV.

561 3767 725 3840 Incendii
743 3795 829 3864 pure
852 3773 1006 3841 casualis
1029 3797 1087 3840 scu
1100 3771 1254 3860 fortuiti
1275 3777 1402 3865 species
1423 3775 1583 3864 potiores.

283 3973 433 4046 incendii
462 4001 550 4070 pure
581 3977 718 4046 manalis
749 4003 808 4046 seu
844 3977 971 4046 fortuiti
998 3979 1058 4044 hue
1083 3977 1205 4068 specics
1237 3993 1315 4044 suut
1347 3979 1504 4070 potiores,
1534 4005 1562 4046 t.
1588 3981 1623 4048 Si
1650 3997 1777 4072 practer
1801 4011 1861 4052 tta-

329 4069 428 4136 turnli
445 4067 554 4145 modo,
578 4079 611 4132 et
638 4069 669 4134 ri
692 4069 868 4158 superiori.
897 4094 925 4135 u.
951 4069 987 4134 si
1012 4070 1079 4135 ictu
1104 4069 1277 4150 fulminco,
1301 4073 1371 4136 sire
1389 4071 1420 4136 ri
1439 4064 1592 4160 fulguris.
1621 4073 1651 4139 3.
1677 4073 1712 4140 Si
1737 4100 1777 4142 ex
1804 4101 1861 4142 na-

328 4157 429 4225 turali
459 4155 604 4250 quatiam
633 4181 670 4226 ac
702 4159 879 4225 intrinseca
907 4181 1015 4226 causa.
1049 4161 1082 4247 4.
1113 4159 1147 4224 Si
1180 4183 1238 4250 per
1266 4159 1413 4226 hostium
1441 4162 1646 4228 incursiones
1668 4165 1863 4232 incendium

326 4248 428 4314 suerit
451 4251 638 4315 subortum.
664 4248 697 4316 5.
722 4247 760 4313 Si
784 4248 976 4316 incendium
999 4250 1035 4314 in
1060 4273 1126 4315 unu
1151 4249 1249 4316 domo
1271 4268 1392 4334 ortum,
1409 4251 1535 4316 ricinus
1554 4267 1735 4337 consumat,
1751 4257 1870 4345 quoad,

326 4337 384 4404 lias
409 4337 585 4406 fortuitum
608 4337 800 4406 dicendum.

470 4501 495 4553 S
514 4503 542 4554 U
557 4501 595 4555 d!
607 4502 645 4556 dl
656 4506 686 4560 A
704 4504 731 4558 Il
750 4504 812 4558 1A
1097 4503 1230 4572 Exceptio
1245 4505 1379 4574 quaedum
1393 4525 1410 4556 o
1420 4503 1545 4574 generali
1556 4503 1740 4564 mentiones.
1754 4519 1778 4558 a.
1794 4525 1821 4556 n.
1837 4521 1860 4558 s.

1098 4590 1156 4640 111».
1176 4586 1208 4642 si
1224 4605 1260 4639 esc
1276 4586 1401 4642 ncturcli
1417 4583 1537 4658 quadam
1555 4597 1581 4639 et
1598 4584 1746 4640 intrinseca
1768 4605 1861 4642 causo.

280 4668 449 4738 Idujtesmodi
469 4665 624 4725 incendium
647 4669 682 4722 od
708 4670 906 4726 multitudinem
933 4687 1045 4724 casuum
1133 4688 1161 4720 n.
1181 4682 1204 4724 r.

307 4750 494 4820 fortuitorum
504 4752 543 4808 ud
552 4763 642 4808 certas
652 4753 752 4822 species
763 4753 851 4826 redigi
861 4755 961 4825 nequit.
975 4773 1003 4808 n.
1025 4767 1046 4810 t.
1097 4757 1149 4809 It’.
1169 4753 1268 4823 siper
1283 4754 1400 4808 laertium
1417 4753 1585 4810 irruemienes
1604 4751 1760 4808 incendium
1767 4753 1864 4824 fueris

280 4837 305 4888 1.
322 4834 440 4903 Species,
455 4835 483 4890 si
494 4839 728 4904 pmetemuturoii
738 4839 819 4893 modo
833 4849 860 4894 et
870 4839 903 4893 ci
910 4837 1050 4909 superiori
1133 4839 1284 4892 sodomum.
1303 4859 1332 4892 n.
1352 4851 1379 4890 s.

316 4917 573 4988 incendiumsuers't
588 4921 731 4976 subortum
760 4943 789 4976 n.
809 4935 834 4976 2.
1099 4925 1153 4978 Cur
1168 4923 1225 4977 tale
1240 4923 1396 4977 incendium
1414 4923 1525 4979 casuale
1541 4921 1709 4998 appelletur?
1725 4941 1753 4976 n.
1773 4936 1798 4976 s.

280 5003 345 5056 Non
365 5003 651 5075 mquitwrlncendic
666 5016 732 5060 sunt
748 5025 852 5079 poenae
864 5017 1048 5076 peccatorum,
1102 5009 1135 5062 V.
1160 5007 1192 5060 st·
1215 5007 1371 5062 incendium
1389 5008 1419 5060 in
1438 5027 1495 5062 amn
1511 5010 1594 5062 domo
1621 5019 1731 5070 ortum,
1756 5007 1866 5062 vicinas

319 5088 421 5142 etenim
437 5099 503 5144 suns
519 5089 640 5162 culposa,
659 5109 716 5144 non
734 5093 868 5147 cnsunliu·
887 5110 915 5144 n:
935 5103 960 5144 a.
1132 5102 1285 5157 consumat,
1298 5089 1604 5164 quoadlrosfirtuitum
1621 5092 1764 5147 dicendum
1779 5113 1807 5146 n.
1825 5105 1865 5146 to.

279 5173 329 5228 As
350 5169 422 5227 donc
436 5172 555 5244 speciem
573 5171 745 5244 referendum
757 5194 864 5249 quoque
876 5176 945 5230 illud
955 5173 1048 5230 incen-
1102 5175 1186 5244 Quod
1193 5177 1337 5246 prosator,
1352 5177 1446 5232 addito
1457 5173 1625 5230 limitatione
1637 5178 1766 5249 modum.
1780 5195 1807 5228 n.
1824 5190 1864 5228 tt.

320 5253 411 5320 dim,
436 5258 510 5326 quod
533 5275 570 5311 ec
593 5258 773 5327 permissione
789 5259 882 5318 divino
902 5281 920 5316 a
938 5260 1048 5316 diabolo

317 5339 554 5407 praetemotrtrnli
571 5342 652 5395 modo
670 5343 815 5400 excitatur.
835 5364 863 5398 n.
884 5353 907 5398 t.
1136 5295 1302 5398 Fortuitum
1327 5344 1480 5398 incendium
1498 5342 1564 5414 quid
1584 5342 1629 5406 sit,
1647 5342 1798 5413 expositum
1825 5352 1865 5394 est
1904 5353 1916 5395 t

280 5423 320 5478 11.
343 5421 377 5477 11
390 5421 597 5494 ictusulmineo
614 5424 670 5484 sive
686 5425 858 5502 cisulpuris.
877 5445 902 5482 n·
926 5441 950 5483 s.
1101 5427 1236 5484 Positione
1247 5428 1430 5502 praecedente,
1441 5429 1487 5484 nbi
1501 5429 1613 5483 insimul
1626 5427 1695 5500 inter
1708 5428 1866 5481 incendium
