4456 6332
262 525 374 675 41444411
379 511 496 676 Ι43444144
503 637 513 669 ,
527 617 584 656 ner
599 611 638 654 444
651 598 732 653 41444
749 591 883 667 41414144
893 593 946 652 4144
958 597 1034 650 1144-

265 688 356 742 411444
374 690 438 755 dat,
452 689 518 742 ders
535 684 655 740 14444114
672 682 774 738 dienen
792 682 890 736 Znunr
908 676 1036 732 accidie

270 772 471 846 Gerecdtigiett
488 767 758 826 rotundaretur
772 763 913 820 datiuum
931 762 976 817 414
989 781 1037 834 ge·

263 855 358 910 414444
379 852 562 910 41444444144141
579 847 639 904 und
659 848 796 918 ordnung
810 860 875 916 sey,
888 861 920 900 44
938 845 1037 898 wellen

672 499 723 558 DE
739 496 883 560 omer.
902 495 1108 557 mntsntcr.
1126 491 1447 557 mecumtecum.

1715 501 1785 569 cort

1088 609 1151 648 rum
1169 591 1324 666 imperinm.
1334 592 1412 648 Unde
1429 593 1459 648 in
1471 591 1561 666 specie
1570 591 1666 668 probet
1678 595 1739 653 1141.
1751 618 1766 654 4
1780 601 1858 658 Velle

1089 679 1149 732 441.
1169 676 1319 734 4.(144411.
1339 686 1382 730 44.
1400 696 1428 730 4.
1449 689 1489 732 41.
1509 679 1587 750 Quod
1615 681 1743 754 Princeps
1761 700 1856 741 conce-

1089 761 1178 818 dendc
1192 771 1305 816 44444444
1331 763 1414 816 411441
1435 779 1495 816 cum
1516 763 1718 833 jurisdictione,
1735 767 1858 824 4141444444

1088 848 1117 903 41
1134 845 1232 902 dcnrre
1248 845 1466 916 jurisdictionem
1479 857 1612 918 tanqum
1624 865 1723 918 genui,
1735 867 1856 924 compre·

264 935 327 1000 4444,
338 937 402 990 41444
420 935 556 992 4114441144
570 934 667 988 ceute
684 933 841 1004 iurgantem
860 928 980 1000 Dorffs,
994 929 1040 984 die
1091 931 1211 986 bendere
1227 932 1279 986 sub
1295 945 1324 984 44
1342 947 1446 984 merum
1464 941 1492 985 et
1510 932 1627 986 mixtum
1648 935 1808 1006 imperium,
1826 947 1858 990 44

266 1020 340 1082 0144
356 1019 415 1074 4441
438 1017 673 1076 11444-4144141444
691 1016 1040 1082 444144,4441441144·4144
1091 1023 1120 1069 44
1136 1013 1287 1085 simplicem
1305 1013 1530 1082 jurisdictionem.
1549 1015 1618 1068 edd.
1634 1015 1709 1068 Β4141.
1721 1018 1750 1072 in
1764 1018 1859 1090 4.]14.

263 1103 371 1158 andem
386 1104 501 1159 Bcuren
520 1102 579 1158 44441
595 1101 641 1156 4114
657 1101 756 1156 Facile
773 1100 920 1154 1444414411
939 1101 1038 1154 24444
1084 1098 1125 1172 ff.
1143 1100 1290 1156 decoret·
1315 1097 1440 1172 Princip.
1465 1099 1594 1153 11444441.
1621 1101 1747 1172 Tsrtsgn.
1764 1103 1812 1157 tit.
1833 1113 1859 1158 4.

261 1183 861 1242 41401444411141444414144144144.014
878 1187 1037 1240 vater-und
1088 1185 1195 1242 Comil.
1215 1197 1257 1238 44.
1274 1201 1303 1238 4.
1326 1195 1348 1238 ι.
1367 1183 1402 1236 lit
1415 1186 1530 1256 imputet
1541 1181 1595 1238 41141
1609 1187 1774 1254 concedens,
1786 1187 1857 1256 quod
1895 1199 1926 1242 44

263 1270 512 1326 11144144-644141414
529 1271 610 1334 aber,
622 1287 705 1328 44444
724 1269 775 1322 4144
796 1266 922 1322 6441441444
934 1267 963 1321 14
981 1269 1034 1322 441-

263 1373 327 1408 reem
340 1351 690 1426 leden-Brigffegednclrt,
702 1353 771 1408 oder
779 1353 831 1408 der
842 1353 1033 1408 1141144444

267 1439 320 1492 4144
345 1436 514 1492 (fordiam
534 1441 585 1490 4144
598 1437 1033 1501 11444141441444,4411444141·

261 1530 305 1575 444
322 1521 481 1578 cruenter
492 1522 541 1574 der
553 1520 875 1575 &edentularum
888 1540 948 1592 que,
962 1524 1032 1592 quod

262 1623 368 1660 4444444
393 1607 541 1677 Imperium
565 1605 743 1673 cimmusepte
768 1605 955 1674 jurisdictione
977 1623 1031 1660 non

262 1691 516 1762 comprehendatur,
535 1687 679 1742 4444114444
697 1699 808 1742 consur.

297 1775 370 1828 11444
394 1773 537 1844 potissime
555 1781 633 1840 sunt,
651 1788 718 1842 quse
741 1781 834 1826 444144
850 1771 956 1826 Merum
975 1774 1030 1826 lur-

1087 1285 1142 1322 non
1160 1267 1257 1322 4144144
1275 1267 1359 1322 luerit
1371 1267 1476 1322 locutus
1484 1304 1493 1336 ‚
1506 1278 1534 1322 44
1545 1285 1623 1340 quun
1635 1268 1856 1338 jurirdictionetn

1086 1353 1229 1408 concedere
1247 1352 1323 1419 velit,
1334 1353 1512 1425 expresserit,
1525 1365 1552 1408 44
1568 1353 1632 1409 hinc
1649 1358 1744 1411 4444144
1763 1366 1858 1411 contre

1084 1437 1273 1492 concedentem
1287 1433 1350 1490 lieri
1363 1435 1459 1492 41414444
1472 1437 1660 1508 interpretrtic
1676 1457 1729 1510 prr
1743 1441 1776 1494 l.
1802 1441 1856 1493 Ve-

1084 1522 1187 1578 teribus
1207 1533 1249 1576 44.
1258 1519 1302 1592 ff.
1320 1523 1355 1576 de
1369 1532 1442 1592 pdct.
1462 1523 1556 1594 Carpe.
1573 1541 1602 1594 p.
1623 1535 1648 1574 4.
1666 1535 1753 1578 const.
1773 1533 1814 1578 44.
1829 1525 1856 1578 41.

1087 1621 1112 1662 6·
1133 1625 1162 1660 14.
1184 1616 1207 1658 1.

1120 1701 1144 1742 4.
1163 1691 1233 1760 Quin
1251 1707 1305 1744 non
1325 1689 1415 1744 4411144
1434 1688 1578 1760 ingerere
1599 1687 1728 1746 benelicir
1747 1690 1852 1746 11414441-
1891 1703 1925 1753 tr

1082 1793 1147 1848 putu
1166 1777 1297 1829 latissime
1321 1777 1523 1848 inlerpretrndn
1538 1795 1590 1848 per
1605 1781 1639 1832 h.
1663 1777 1808 1850 Beneficia
1829 1791 1854 1844 4,

264 1857 369 1929 perium
387 1875 403 1909 4
421 1855 611 1926 jurisdictione
636 1857 815 1924 circumsepta
837 1857 1030 1927 separandum,
1070 1857 1391 1928 ,1141404444114144
1417 1859 1465 1912 sed
1490 1871 1518 1914 44
1544 1864 1574 1916 14
1597 1863 1686 1933 specie
1711 1865 1850 1918 concessio

260 1944 291 1996 144
310 1942 430 1994 medium
448 1941 558 2010 produci
577 1941 1031 2010 4444444441444444444444444-

261 2035 352 2078 menta
369 2041 418 2095 pro
437 2021 599 2076 411144444144
612 2039 658 2076 seu
671 2039 745 2076 utero
762 2023 878 2094 imperio
897 2024 1028 2092 militent,

264 2107 469 2177 subjiciendum.
488 2107 523 2160 lit
541 2107 593 2176 (4.)
607 2108 656 2160 1444
675 2107 756 2173 lucil,
767 2107 838 2176 quod
857 2120 961 2162 4444444
974 2110 1029 2177 414,

262 2191 344 2246 hodic
361 2192 409 2244 s'uh
430 2191 616 2256 iurisdictione
634 2207 667 2242 44
681 2207 730 2244 444
744 2200 771 2242 44
785 2189 1028 2248 moribusiiertnu·

260 2277 322 2331 44144
341 2275 476 2330 contineri
492 2293 596 2346 quoque
614 2292 717 2329 4444444
742 2277 901 2346 1444441444
920 2287 947 2328 44
964 2279 1029 2334 hinc

1081 1939 1278 2013 jurisdictionis
1297 1943 1421 2014 impliuri
1439 1943 1533 2011 debet,
1548 1955 1577 1999 et
1588 1945 1750 2016 generaliter
1767 1945 1850 2000 intel-

1081 2028 1202 2097 ligenda,
1222 2036 1253 2080 ut
1275 2030 1352 2082 4414444
1378 2043 1483 2080 44444444
1508 2037 1537 2080 44
1563 2029 1677 2082 mixtum
1700 2030 1846 2100 imperium

1083 2125 1236 2164 concessum
1254 2121 1407 2174 4444444444
1421 2125 1481 2162 curn
1495 2110 1697 2180 jurisdictionis
1713 2117 1851 2166 concertio

1081 2194 1235 2250 144444141114
1255 2197 1294 2248 414
1312 2197 1371 2248 1141.
1390 2213 1406 2247 4
1427 2196 1500 2250 Vrlle
1520 2194 1547 2248 41.
1567 2193 1674 2252 044411.
1695 2205 1737 2247 44.
1756 2213 1783 2248 4.
1805 2207 1847 2248 44.

1082 2281 1175 2334 1114144.
1200 2279 1342 2334 (14444444.
1367 2281 1463 2332 Praei.
1485 2281 1596 2348 (144441.
1624 2297 1647 2332 4.
1669 2289 1692 2332 4.
1711 2296 1739 2332 4.
1762 2293 1803 2338 44.
1817 2281 1852 2334 414

259 2377 383 2414 concessu
407 2359 619 2429 jurisdictione,
639 2362 722 2414 ctiunr
747 2377 853 2412 4444444
879 2361 1028 2430 imperium
1070 2363 1129 2436 fin.
1147 2363 1195 2416 ubi
1214 2363 1264 2416 1444
1281 2361 1458 2434 irequentiori
1475 2373 1615 2416 4444444444
1633 2373 1659 2417 44
1676 2362 1853 2435 interpretum

259 2463 316 2500 4444
334 2461 507 2510 4444444444
518 2465 535 2496 u
547 2464 598 2518 qua
618 2445 753 2498 4444444441
766 2447 893 2516 opinione
907 2445 937 2496 iu
951 2445 1030 2516 praui

258 2549 314 2584 non
333 2540 375 2584 est
392 2529 580 2586 recedendum.
600 2529 693 2584 114444.
712 2532 746 2584 de
766 2528 872 2584 1441441.
885 2546 945 2600 cap·
959 2544 984 2585 4.
998 2550 1027 2584 4.

265 2615 446 2685 4411444444.
462 2624 535 2682 part.
554 2626 579 2666 4.
597 2624 683 2668 44444.
703 2624 745 2666 44.
764 2611 819 2684 def.
841 2626 866 2668 4.
886 2616 1027 2670 11441144.

254 2715 284 2766 μ
304 2706 327 2747 4.
349 2696 439 2750 114414.
461 2708 522 2750 444.
541 2697 614 2768 scip.
634 2697 739 2750 Gentil.
756 2697 791 2749 de
813 2695 912 2764 1441441.
936 2697 983 2751 114.
1005 2711 1029 2752 4.

261 2800 319 2852 cap.
340 2793 382 2834 44.
401 2779 527 2834 Ludnell.
544 2785 663 2850 414444.
683 2778 772 2833 leuci.
789 2797 849 2850 cop.
873 2791 912 2830 44.
933 2781 961 2832 14
976 2780 1029 2849 fin.

260 2867 359 2920 Maru.
378 2865 467 2920 Color·
483 2865 519 2920 de
537 2869 663 2922 process.
690 2864 811 2916 1144444.
832 2874 905 2935 port·
925 2877 949 2916 2.
968 2883 1028 2934 cup.

265 2964 286 3004 t.
306 2970 333 3004 4.
355 2953 566 3006 4441144444.
589 2948 695 3006 Consil.
721 2962 763 3002 44.
789 2969 818 3003 rt·
845 2962 885 3004 44.
908 2959 935 3002 44
957 2966 1030 3022 seqq.

261 3037 331 3088 rud.
349 3039 406 3091 Jcc.
425 3038 548 3092 Menoch.
567 3038 615 3090 tid.
629 3051 655 3090 4.
665 3051 755 3108 praes·
771 3047 813 3088 91.
826 3053 856 3090 44.
868 3047 913 3090 44.
923 3035 1030 3092 3444141.

266 3121 370 3176 e'onsit.
390 3131 454 3176 414.
469 3139 497 3176 4.
518 3135 543 3174 4.
560 3138 633 3194 cegp.

191 3215 226 3260 44
301 3218 325 3258 4.
344 3206 400 3260 lieo
410 3224 479 3276 opus
491 3217 548 3274 444,
561 3217 592 3260 ut
611 3211 659 3262 troc
672 3205 866 3276 restringimus
877 3205 911 3260 441
922 3223 1029 3270 cesum.

260 3292 285 3346 si
303 3291 459 3348 4441444414
475 3291 627 3360 jurisdictio
653 3307 793 3354 concessa,
813 3291 863 3345 mit
880 3293 956 3346 41144
975 3294 1032 3348 uad

253 3377 338 3448 jeder
362 3375 523 3442 6441414144,
537 3377 577 3430 441
591 3378 660 3432 144414
679 3377 738 3432 und
749 3375 857 3448 niedrt‘g
868 3386 970 3434 4144444
984 3377 1031 3432 de-

259 3479 334 3514 44444
353 3476 457 3516 suerum
471 3461 617 3534 imperium
628 3465 812 3527 44441444444,
822 3481 874 3535 quo
886 3479 948 3518 4444
968 3465 1028 3517 ltu.

263 3545 321 3599 lere
340 3550 515 3602 consentiunt
534 3549 714 3613 unanimiter,
734 3558 762 3602 et
786 3563 828 3604 444
853 3550 934 3602 edun
953 3559 1030 3604 44444

257 3647 340 3686 omne
357 3631 470 3685 4144141444
488 3635 630 3688 constitutit
655 3635 707 3688 rid·
735 3633 826 3688 Glcrs.
850 3634 881 3686 in
900 3633 1029 3688 61444444.

261 3715 357 3772 444414
374 3715 443 3773 For.
460 3719 540 3774 Com.
559 3719 589 3772 14
609 3719 686 3774 verb.
705 3719 904 3775 curtracum.
932 3722 984 3776 Sed
1004 3732 1029 3776 et

256 3803 408 3875 simplicem
419 3806 617 3876 jiuirdictionis
628 3809 794 3862 mentionem
806 3809 856 3864 mit
865 3808 954 3864 denen
975 3811 1028 3866 Ge·

258 3889 364 3944 ricton
382 3890 411 3942 id
429 3891 565 3944 involvere
581 3903 724 3962 putamus,
744 3909 778 3948 ex
797 3903 890 3948 444444
909 3897 1028 3952 4444144411

256 3973 378 4040 generici
391 3975 604 4042 juridictionis,
615 3995 710 4033 444444
724 3995 785 4035 rurs
803 3983 905 4052 species
923 3997 1027 4038 merum

260 4075 296 4109 44.
316 4067 343 4110 44
360 4058 471 4112 mistum
490 4060 653 4132 inperium,
670 4065 714 4118 441
729 4068 897 4138 superiorem
915 4081 940 4122 et
957 4067 1027 4126 tui·-

256 4144 359 4196 41444444
371 4143 585 4214 jurisdictionem
602 4150 758 4216 continere,
768 4153 792 4204 41
808 4151 887 4206 tncdc
904 4155 934 4207 in
952 4157 1027 4210 iore·

257 4229 352 4282 44144444
372 4229 442 4284 4411411
459 4241 603 4305 exceptum
619 4234 658 4285 414
675 4231 731 4286 114.
749 4235 821 4290 Mer.
837 4255 867 4307 p.
890 4247 913 4291 4.
935 4242 1026 4296 Deris.

267 4325 329 4368 444.
346 4333 374 4368 4.
393 4325 417 4368 t.
438 4317 498 4370 1444
515 4331 578 4370 4444
602 4316 740 4373 144444444
764 4321 834 4388 jnrir
861 4325 949 4394 regulu
968 4336 1025 4392 444,

256 4402 326 4472 gund
336 4415 420 4469 genus
431 4399 654 4460 144144144444444
665 4405 772 4476 cpecier
785 4409 835 4461 sub
848 4427 944 4482 genere
955 4427 1027 4466 cotn-

256 4488 400 4558 prelrensst
418 4493 452 4545 L.
469 4505 576 4562 4444444·
595 4503 654 4550 441.
664 4494 705 4566 ff
720 4497 753 4551 414
770 4499 804 4552 11.
826 4498 856 4551 J·
876 4499 1024 4554 4414444114

257 4591 310 4628 uua
335 4575 423 4646 speeie
441 4578 527 4645 rnrjor
546 4580 584 4634 414
612 4583 696 4649 44414,
715 4601 794 4654 quim
813 4581 842 4638 in
861 4585 929 4652 4114,
948 4589 979 4641 L.
1002 4599 1024 4644 l.

256 4669 278 4724 4.
299 4659 374 4730 effi
392 4662 427 4717 de
444 4665 569 4721 Aieetor.
598 4667 731 4724 Cerdinsl.
758 4672 853 4726 ’144414Ι
872 4673 1026 4728 Ρ44441444.

259 4746 390 4800 Concide·
407 4747 449 4800 Iit.
472 4749 621 4806 (1.04441.
646 4763 686 4807 44.
705 4773 733 4808 n.
755 4757 932 4810 4414444414.
952 4761 1024 4814 Con-

254 4829 297 4881 ril.
319 4837 378 4882 444.
397 4847 427 4884 4.
447 4845 490 4886 44.
510 4834 618 4890 11441444.
637 4841 765 4912 14444144.
784 4843 836 4895 loc.
854 4853 878 4896 4.
897 4861 920 4897 4.
941 4857 966 4897 4.
983 4849 1025 4900 A·

255 4915 347 4970 41444.
364 4927 389 4969 4.
407 4925 436 4972 44
451 4919 553 4976 ibidem
574 4927 688 4996 rilegsti.

304 5015 329 5055 4.
348 5003 417 5073 Qcir
435 5006 550 5060 inomni
565 5013 736 5068 concessione
753 5013 906 5071 4444141444
924 5035 1022 5075 444444-

259 5086 382 5158 quodque
399 5106 447 5161 per
464 5093 538 5164 peius
556 5105 583 5149 et
601 5095 630 5149 in
655 5101 802 5168 potentiori
824 5099 1021 5173 significatione

255 5173 449 5243 recipiendum
468 5179 579 5233 Arnold.
592 5181 779 5252 Engelbreeht.
793 5187 827 5241 414
839 5187 944 5244 Jurtsd.
958 5207 1024 5246 444-

257 5255 290 5309 41.
313 5269 372 5312 444.
389 5259 460 5332 Ergo
477 5265 564 5319 ethic
585 5267 740 5324 vocobulum
762 5272 958 5340 jurisdictionis
982 5275 1022 5332 144

259 5343 442 5414 recipiendum
463 5351 549 5418 venit,
563 5371 616 5406 non
629 5365 655 5409 ut
670 5353 698 5406 id
716 5357 785 5427 qnod
804 5360 887 5412 levius
897 5369 950 5427 est,
966 5361 1019 5414 441·

269 5426 319 5478 4144
338 5433 541 5503 complectitur,
559 5441 607 5492 sed
625 5451 652 5492 et
669 5441 738 5510 qood
756 5445 903 5514 potentius,
923 5461 962 5500 44.
975 5461 1029 5500 rne-

1081 2465 1214 2503 couseusu
1234 2459 1369 2518 receptum
1387 2462 1447 2500 4444
1465 2458 1563 2500 monet.

1120 2545 1145 2584 4.
1164 2532 1234 2599 Quis
1252 2529 1410 2600 regulariter
1426 2529 1458 2582 in
1474 2529 1591 2582 4114444444
1611 2528 1749 2587 subditum
1769 2530 1848 2584 441414

1082 2633 1135 2669 non
1153 2613 1281 2686 competit
1305 2616 1347 2682 ius
1370 2613 1441 2668 41444
1463 2621 1492 2665 44
1515 2615 1605 2680 necis,
1623 2630 1670 2668 444
1695 2615 1849 2684 jurisdictio

1082 2700 1249 2764 criminslit,
1267 2697 1323 2750 4141
1340 2698 1384 2752 441
1401 2697 1452 2750 sub
1470 2709 1558 2751 444444
1575 2697 1765 2767 jurisdictione
1783 2700 1852 2752 deli·

1082 2783 1189 2857 querit,
1201 2783 1241 2838 441
1261 2781 1333 2835 inibi
1350 2779 1576 2850 deprehendrtur.
1589 2783 1630 2834 Ex
1643 2782 1700 2836 1444
1718 2781 1792 2836 eninr
1805 2781 1853 2836 de-

1082 2869 1142 2922 licti
1159 2868 1298 2920 commisti
1314 2877 1341 2920 44
1353 2863 1581 2936 deprehensionis
1594 2864 1753 2935 delinquens
1764 2863 1854 2920 iurum

1083 2951 1247 3006 4444414441.
1266 2961 1287 3003 4.
1301 2951 1330 3006 C.
1349 2949 1446 3003 411414
1462 2947 1610 3004 1341441411.
1628 2949 1748 3004 1441444.
1771 2951 1851 3022 oper.

1083 3035 1227 3092 Criminal.
1246 3033 1291 3087 111.
1307 3045 1332 3086 4.
1349 3041 1453 3103 quaest.
1468 3043 1490 3084 4.
1505 3049 1533 3084 44.
1549 3033 1744 3104 4444441144.
1762 3031 1850 3087 Brun·

1082 3118 1401 3192 4444.Ρ444.14441414.
1425 3137 1449 3172 c.
1473 3130 1497 3172 4.
1524 3137 1554 3172 4.
1575 3126 1598 3172 t.
1623 3127 1651 3172 44
1668 3131 1693 3172 4.
1710 3121 1772 3174 san
1791 3136 1853 3175 4444

1082 3207 1198 3262 rusticus
1218 3204 1394 3276 delinquens,
1406 3204 1455 3258 4414
1467 3203 1581 3257 ulterius
1599 3202 1788 3273 jurisdictione
1805 3203 1853 3258 de·

1082 3291 1138 3362 gil,
1157 3291 1237 3360 hujus
1261 3288 1386 3344 4414411444
1411 3297 1469 3356 4444
1487 3305 1551 3357 erge·
1575 3287 1614 3342 sic
1641 3287 1690 3341 rub
1710 3296 1852 3360 praetextu

1082 3375 1277 3447 jurisdictionis
1294 3374 1672 3432 4414444411441444444441444
1689 3391 1798 3444 cupere,
1814 3378 1853 3428 rel

1082 3467 1117 3519 441
1136 3462 1270 3534 judicium
1288 3478 1366 3515 44444
1384 3462 1489 3516 44414444
1501 3459 1682 3532 4444144441
1701 3461 1741 3514 441
1760 3462 1848 3516 inriti

1082 3550 1189 3624 publicu
1204 3548 1364 3619 deliquerit,
1377 3547 1417 3602 rel
1436 3547 1475 3598 ibi
1495 3545 1677 3618 deprehentur
1695 3544 1855 3602 1444141144

1081 3639 1174 3704 41444,
1192 3633 1263 3707 qnod
1279 3632 1443 3688 universalis
1459 3633 1614 3704 jurisdictio
1633 3631 1725 3685 444414
1743 3633 1798 3684 locu
1816 3634 1845 3683 in

1081 3737 1149 3793 pugo
1172 3716 1288 3784 efficiat,
1312 3717 1344 3770 id
1367 3717 1442 3770 4441444
1468 3715 1571 3770 tamdiu
1598 3715 1690 3770 4414144
1712 3715 1851 3785 procedit,

1081 3805 1209 3878 quimdiu
1227 3814 1317 3861 certus
1341 3804 1413 3858 144444
1430 3817 1484 3854 non
1511 3810 1553 3852 est
1568 3810 1723 3870 exemptus,
1744 3801 1783 3852 uti
1803 3801 1850 3852 de-

1081 3902 1257 3960 monstrsturn
1275 3906 1299 3944 c.
1321 3899 1343 3942 4.
1361 3906 1390 3942 4.
1411 3895 1453 3938 44.

1119 3989 1143 4032 4.
1160 3977 1221 4030 1444
1240 3979 1264 4028 41
1282 3974 1347 4028 14444
1364 3979 1482 4042 potesne
1499 3966 1607 4024 heberti
1619 3968 1794 4024 441444441444
1808 3971 1850 4038 iu.

1079 4065 1268 4121 risdicticnetn
1295 4055 1507 4121 concederetur,
1525 4070 1604 4108 44444
1632 4069 1722 4110 iecore
1740 4056 1770 4110 14
1789 4057 1849 4112 4144.

1080 4153 1137 4206 4144
1156 4167 1223 4223 pego
1241 4145 1357 4200 roeticas
1376 4141 1475 4196 14414444
1494 4150 1589 4212 posset
1608 4141 1656 4195 Uti
1680 4141 1757 4195 enim
1776 4141 1852 4198 14444

1079 4234 1211 4305 ejusmodi
1236 4233 1339 4285 ricinos
1363 4228 1473 4282 11411144
1502 4225 1600 4280 nlicere
1619 4224 1726 4296 crepini
1743 4225 1804 4281 11444
1821 4245 1853 4278 o·

1079 4323 1188 4374 riuntnr
1206 4327 1235 4372 et
1251 4313 1427 4380 iuimicitire,
1446 4310 1611 4366 4414444444
1630 4311 1780 4364 consumis
1804 4313 1852 4364 ills

1078 4403 1275 4458 dircordirrnrn
1294 4409 1380 4454 444144
1397 4396 1551 4453 4444444414
1568 4395 1693 4466 praebet,
1712 4395 1745 4448 L
1767 4406 1807 4446 44.
1827 4403 1848 4456 l.

1080 4503 1123 4548 ²0.
1133 4489 1175 4562 ff
1193 4489 1226 4544 de
1245 4491 1339 4556 legat.
1361 4495 1386 4536 ².
1400 4485 1437 4538 ils
1451 4499 1505 4538 non
1517 4479 1692 4554 pucccdenle
1703 4475 1849 4534 sufficienti

1078 4595 1155 4634 44444
1176 4575 1313 4630 subditum
1331 4571 1443 4626 41444144
1454 4585 1487 4626 ex
1500 4569 1612 4624 sedibus
1620 4567 1677 4622 ruis
1693 4565 1850 4632 4444414444,

1077 4663 1283 4735 inquisitionem
1304 4669 1477 4713 contraeunt
1500 4654 1630 4722 14444444,
1649 4665 1677 4709 44
1703 4653 1849 4726 1444444444

1077 4753 1190 4807 slteruru
1210 4765 1258 4803 suo
1277 4745 1386 4800 subdito
1404 4743 1520 4816 spoliare
1536 4751 1635 4814 posset.
1653 4741 1688 4794 114
1705 4741 1848 4794 4444444444

1079 4841 1203 4916 imputati
1224 4839 1351 4896 4414414414
1369 4837 1505 4902 convictus
1524 4829 1689 4894 44441444414,
1704 4840 1849 4883 444444444-

1078 4945 1124 4984 rus
1141 4927 1267 4984 dotuinus
1285 4925 1399 4980 interitu
1415 4922 1506 4993 operis
1519 4918 1607 4990 ipsius
1625 4931 1714 4970 444444
1729 4923 1847 4976 tenetur,

1077 5014 1137 5088 ipse
1153 5028 1214 5068 4444
1231 5011 1368 5074 44441444,
1388 5023 1493 5062 carcere
1512 5007 1651 5068 detentus,
1664 4997 1847 5055 444444441444

1079 5099 1189 5170 agrique
1208 5099 1341 5152 culturstn
1358 5093 1494 5165 negligere
1506 5105 1642 5146 necesruru
1657 5085 1781 5148 luberet,
1795 5099 1847 5151 quo

1077 5184 1191 5238 4444441
1212 5183 1332 5253 inopium
1359 5191 1384 5234 et
1406 5177 1557 5232 4411441444
1581 5169 1719 5240 redigendi
1739 5167 1845 5220 41444144

1079 5267 1215 5322 subditum
1231 5275 1309 5338 porte
1327 5275 1422 5336 putens
1439 5271 1518 5316 44444.
1537 5261 1599 5313 1444
1618 5269 1679 5308 4444
1695 5252 1788 5322 utique
1805 5251 1846 5303 iu-

1080 5365 1174 5422 444444,
1193 5370 1227 5406 ne
1246 5351 1451 5420 jurisdictiones
1476 5343 1688 5402 coniundrutor,
1708 5333 1846 5390 4411441414·

1079 5452 1151 5496 ctum
1170 5441 1199 5494 14
1218 5443 1282 5494 Bne.
1309 5435 1456 5492 «initiandi
1472 5443 1495 5483 4.
1516 5451 1545 5484 4.
1568 5441 1607 5526 44.
1632 5421 1847 5492 44414,4414444

1889 3645 1921 3686 tc
