4482 6328
335 529 387 584 805
812 517 861 574 DE
879 515 1061 572 cttusutt
1080 513 1308 571 contettttnt
1724 511 1778 572 tot

259 627 327 686 saris
344 627 423 696 laarjns
440 619 571 684 remedi,
591 617 719 672 chnsulae
738 614 841 672 scilicet
853 613 1027 668 codicillaris.
1080 632 1156 685 aquo
1164 611 1423 670 testamenuamvires
1437 630 1496 668 soss
1505 611 1744 688 eapitPostsriort
1758 625 1851 672 2010„

188 733 221 778 es
261 714 393 770 Probatur
410 705 585 776 baecopinio
597 701 742 756 erratione
761 699 1027 762 concludentissima,
1077 715 1139 752 casu
1157 698 1269 768 corrigit
1286 697 1406 753 notarius
1423 715 1557 764 errorem
1574 715 1634 753 enm
1652 701 1693 756 sio
1710 715 1752 757 aa,
1774 701 1846 753 unii

257 799 321 871 quia
337 813 386 867 pro
404 789 523 862 quelibet
535 789 714 841 instrumento
727 803 741 836 a
753 784 860 838 notario
875 791 903 835 et
914 782 1027 836 testibus
1075 781 1233 852 praejudicii
1251 799 1305 834 non
1324 782 1376 847 sit,
1394 781 1441 835 nbi
1459 779 1564 835 facilins
1584 785 1654 838 salva
1668 784 1708 838 rei
1727 784 1851 838 substan·

258 880 381 938 coniecto
399 874 498 930 anilitat
515 871 696 942 praesumptio
714 869 836 923 veritatis
853 880 881 923 et
899 868 1027 924 solemni·
1076 865 1114 918 tia
1132 867 1244 920 mutatio
1261 864 1424 918 admittitur.
1444 865 1675 922 Seditsdubiurn
1693 881 1848 936 manet,an
1887 879 1919 928 ts

256 967 333 1030 tatis,
354 963 439 1016 donec
461 953 627 1010 contrarium
651 951 788 1025 probetur.
812 971 835 1006 c.
861 953 970 1006 Ablata
994 952 1030 1004 de
1074 953 1216 1006 clausulam
1245 949 1424 1005 codicillarem
1449 951 1577 1006 omissam
1604 955 1732 1024 snpplere
1758 965 1851 1027 postea

256 1050 333 1108 aseri·
351 1042 449 1118 signifi
467 1061 491 1096 c·
509 1040 535 1094 εἰ
552 1044 645 1110 Pups.
663 1039 697 1092 de
713 1035 804 1107 privil.
821 1037 852 1090 iar
874 1047 928 1092 tto.
946 1037 1027 1090 Prae·
1076 1033 1180 1107 possiti
1198 1035 1230 1090 Et
1247 1043 1385 1106 putarem,
1405 1033 1428 1090 si
1445 1047 1627 1092 vestamentum
1646 1037 1775 1092 omnibu,
1794 1055 1848 1091 nu.

258 1132 378 1206 snmptio
395 1129 473 1182 enim'
488 1141 536 1200 pro
556 1123 664 1178 scritate
683 1131 738 1187 est;
760 1121 783 1175 si
808 1133 871 1192 ergo
891 1138 1026 1191 praesum-
1076 1121 1157 1174 saeris
1175 1121 1343 1188 absolutura,
1362 1141 1376 1176 a
1394 1123 1500 1178 notario
1518 1123 1577 1178 scil·
1597 1125 1714 1178 testibus
1733 1125 1848 1180 subseri·

256 1220 378 1294 ptionesn
386 1213 465 1268 babet
475 1227 523 1282 pro
537 1225 581 1272 se,
594 1213 717 1260 contenta
727 1203 818 1258 omnia
830 1203 956 1258 dicuntur
968 1219 1026 1257 esse
1076 1217 1166 1278 ptum,
1185 1216 1212 1260 et
1228 1207 1281 1275 iarn
1299 1225 1315 1262 a
1335 1215 1462 1261 testatore
1486 1207 1594 1262 domurn
1617 1225 1646 1262 se
1665 1207 1845 1274 contulerint,

257 1323 335 1369 vera,
355 1310 383 1355 et
399 1302 591 1364 consequenter
608 1289 711 1362 scripta
723 1289 756 1342 de
770 1289 902 1344 voluntate
919 1298 1027 1344 testato-
1076 1307 1131 1342 non
1148 1289 1231 1343 licere
1248 1288 1350 1344 notario
1368 1289 1451 1354 illud,
1470 1291 1580 1362 propria
1594 1293 1754 1348 auctoritato
1765 1291 1848 1346 ωηῑ.

256 1390 305 1444 ris.
323 1384 403 1440 Unde
419 1375 589 1450 etgeneralis
601 1375 655 1428 Dd.
673 1377 765 1445 regula
776 1382 832 1428 est:
845 1373 914 1444 quand
927 1373 1027 1444 scripta
1076 1391 1154 1442 gere,
1173 1383 1201 1428 et
1219 1373 1360 1427 clausulam
1377 1374 1557 1428 codicillarem
1577 1375 1716 1445 subjicere.
1733 1374 1845 1446 Quodsi

257 1491 307 1546 per
325 1467 474 1530 netarium,
493 1464 634 1518 rideantur
652 1459 749 1528 scripta
760 1457 794 1512 de
805 1459 939 1512 uoluntate
950 1459 1026 1527 ejus,
1076 1475 1141 1512 vero
1158 1458 1244 1512 adhue
1261 1467 1414 1528 praesentes
1431 1458 1489 1511 sint
1508 1467 1605 1525 testes,
1624 1471 1649 1514 er
1661 1461 1691 1512 in
1706 1471 1847 1530 eonspoesu

257 1559 304 1628 qul
323 1551 426 1624 r⁰fl²ti²
441 1548 593 1610 mnrium·
610 1542 683 1614 ι1ιιοίὶ
700 1541 733 1596 ¹¹1
751 1543 821 1595 huuc
839 1557 929 1596 ouum
942 1541 1027 1614 sppli-
1076 1543 1226 1607 testatoris,
1245 1553 1272 1594 et
1289 1541 1329 1594 ibi
1348 1541 1466 1596 notarius
1475 1555 1594 1612 agnoscat
1605 1561 1725 1598 errorem
1733 1553 1760 1597 et
1772 1559 1848 1612 prae-

259 1654 301 1698 ost
318 1641 371 1692 nn.
391 1637 483 1708 Carpa.
502 1633 521 1684 l.
542 1644 566 1686 t.
585 1631 665 1702 Iiesp.
685 1640 710 1680 t.
728 1646 756 1681 aa.
777 1638 819 1680 ts.
1077 1625 1196 1680 sentibus
1213 1627 1340 1680 omnibns
1358 1643 1384 1678 se
1404 1626 1454 1680 hoc
1472 1627 1593 1682 omisisse
1612 1626 1696 1691 dicat,
1715 1627 1755 1679 sio
1767 1635 1847 1680 testa·

296 1721 453 1792 Requiritur
473 1725 578 1779 umen,
596 1722 626 1766 ut
646 1711 765 1767 neurius
784 1709 930 1764 clausulam
952 1707 1026 1764 illatn
1078 1721 1135 1766 tore
1151 1711 1335 1764 consentiente
1353 1711 1425 1765 illam
1439 1711 1578 1765 chanularn
1590 1713 1767 1767 nihilominus
1780 1709 1848 1778 adji-

259 1807 438 1864 codieillareus
455 1801 616 1860 verbotenus
634 1796 778 1866 exprimat.
804 1795 931 1865 Quemvis
953 1793 1026 1848 enim
1076 1810 1135 1847 cere
1153 1794 1260 1863 poteria.

259 1890 394 1948 ordinarie
411 1888 478 1941 bano
495 1883 639 1938 clausulam
659 1879 777 1951 adjicere
794 1880 895 1932 soleant
914 1878 1027 1944 notarii,
1112 1881 1173 1934 Jarn
1190 1877 1313 1949 specialia
1330 1877 1472 1950 qsaaedam,
1492 1897 1559 1950 qnae
1576 1879 1697 1934 ellectum
1711 1879 1846 1938 codicillo.
1885 1891 1915 1934 ss

258 1995 314 2034 uon
331 1980 536 2048 praesumuntur
557 1978 646 2022 tarnen
665 1964 810 2034 adjecisse,
829 1963 884 2018 nisi
895 1965 925 2018 in
939 1963 1029 2034 specte
1078 1983 1137 2019 rum
1156 1977 1327 2032 marcernant,
1346 1965 1481 2021 lustranda
1494 1979 1576 2023 erunt.
1589 1966 1644 2022 uhi
1655 1969 1744 2040 primo
1756 1985 1847 2024 occur.

258 2063 289 2118 id
307 2077 340 2114 es
360 2066 519 2114 testamento
530 2061 664 2126 appareat.
678 2051 750 2102 ilinc
764 2047 874 2102 dubium
883 2050 990 2115 oritur,
1004 2049 1029 2103 si
1079 2051 1118 2105 rit
1135 2060 1227 2105 vexata
1245 2051 1292 2106 ills
1310 2051 1443 2121 quaestio:
1464 2051 1505 2104 dra
1525 2051 1549 2106 si
1567 2063 1642 2124 pater
1660 2051 1748 2107 filiurn
1765 2054 1796 2108 in
1810 2061 1849 2106 le·

258 2146 381 2204 nutarius
398 2139 542 2196 clausulsan
562 2143 736 2202 caeterstam,
756 2133 794 2189 oti
813 2133 956 2204 loquuntur
975 2131 1027 2186 Dd.
1079 2143 1210 2188 sumente
1227 2134 1414 2206 praeterierit,
1441 2135 1556 2204 sabjecta
1578 2147 1666 2192 tamen
1688 2149 1847 2194 resvamsnso

258 2229 403 2302 sujeeerit.
417 2245 451 2282 w
469 2224 534 2280 haee
551 2224 607 2277 loon
624 2223 756 2276 clausulae
772 2219 934 2274 codicillaris
953 2216 1029 2274 suffi-
1079 2220 1191 2274 clausula
1208 2219 1372 2288 codicillari,
1391 2238 1425 2273 an
1442 2219 1489 2274 bic
1510 2221 1626 2276 clausula
1650 2222 1774 2278 ellectum
1798 2225 1845 2277 ha·

260 2314 334 2374 elati
351 2314 382 2366 ll·
401 2311 436 2366 G.
454 2311 478 2364 si
496 2306 617 2362 notarius
635 2306 664 2358 in
689 2301 743 2358 line
762 2303 917 2361 testamenti
943 2304 1029 2371 dicats
1079 2306 1151 2372 brat,
1171 2323 1225 2360 non
1243 2306 1366 2360 obstante
1381 2305 1590 2377 praeteritione?
1607 2307 1641 2362 Et
1657 2319 1723 2380 puto
1740 2309 1790 2364 hoc
1808 2310 1847 2364 ai·
1885 2325 1917 2368 so

259 2403 352 2460 siboo
367 2404 554 2454 testamentum
577 2409 630 2446 non
647 2400 734 2463 potest
756 2391 843 2446 valere
867 2392 926 2460 jure
952 2400 1030 2446 testa·
1078 2384 1255 2454 firmandumr
1269 2389 1331 2460 quia
1343 2389 1415 2443 enirn
1434 2391 1549 2444 clausula
1561 2391 1677 2446 codicill.
1691 2393 1796 2446 enixam
1811 2406 1848 2448 te.

259 2485 360 2552 menti,
378 2483 461 2540 valeat
478 2489 530 2534 etc·
543 2479 726 2547 Etputarnus,
744 2474 780 2530 ob
798 2474 971 2530 favorabilem
981 2493 1031 2531 ex·
1080 2474 1185 2528 statoris
1204 2477 1361 2530 voluntatem
1379 2475 1514 2541 continet,
1534 2475 1597 2528 dum
1617 2477 1680 2531 velit
1697 2479 1749 2531 tale
1769 2489 1847 2532 testa-

255 2558 728 2648 plicationern,quaeproejusrnndi
746 2563 1031 2618 testamentisetelan·
1080 2567 1201 2612 mentum
1221 2575 1278 2612 esse
1303 2571 1386 2613 ratum
1411 2573 1574 2628 quacnmqne
1596 2560 1701 2614 ratione
1730 2564 1848 2633 poteris,

257 2659 324 2714 aulis
342 2655 458 2716 militat,
476 2649 627 2705 subsistere
645 2645 782 2718 praedicta
803 2645 943 2713 formellas
968 2667 1031 2702 cum
1080 2641 1149 2711 quod
1168 2651 1199 2695 tat
1215 2639 1280 2708 fiat,
1299 2643 1379 2696 etiam
1397 2641 1431 2696 ab
1448 2643 1574 2698 intestato
1593 2661 1666 2698 suam
1685 2647 1846 2701 solenitatem

252 2745 329 2800 esaim
346 2739 450 2796 nemini
469 2735 582 2790 dubium
600 2735 652 2798 til,
669 2731 741 2804 quod
753 2750 800 2804 per
818 2733 893 2788 illam
913 2734 1030 2805 partion-
1079 2727 1189 2797 impleri
1208 2727 1320 2780 voluisse
1337 2737 1459 2781 cenatur
1476 2744 1526 2798 per
1545 2729 1563 2779 t.
1583 2739 1625 2782 as.
1644 2737 1665 2792 ς.
1689 2740 1710 2782 v,
1724 2727 1766 2799 ff
1795 2729 1850 2800 qm·

253 2833 307 2884 lam
327 2836 354 2880 et
371 2833 495 2886 enatem,
510 2819 691 2888 indigiteotur
704 2817 828 2873 lornaalia
841 2820 976 2875 clausulae
987 2835 1030 2872 eu·
1080 2821 1187 2864 tntum.
1194 2809 1260 2879 sae.
1266 2827 1340 2881 poss.
1353 2811 1429 2882 confi
1440 2813 1458 2866 l.
1474 2823 1518 2865 tt.
1532 2819 1555 2877 ς.
1574 2813 1659 2885 ruffi
1669 2814 1847 2887 &fidam

255 2911 401 2973 dinitiaris,
419 2907 461 2962 uti
480 2906 554 2958 illam
572 2902 671 2958 notarii
685 2902 1033 2972 communiterexpriere
1081 2893 1168 2947 libert.
1186 2894 1219 2948 Et
1235 2895 1355 2964 quamvis
1374 2895 1423 2949 hoc
1442 2896 1560 2966 rigidum
1579 2897 1712 2967 rideatur,
1730 2901 1792 2973 quia
1809 2911 1847 2956 ts·
1884 2911 1914 2952 st

252 3001 357 3060 solent,
370 3011 425 3048 non
438 2990 542 3046 ridetur
553 2987 667 3041 clausula
680 2985 953 3039 codicillarisonaissa
961 3025 971 3054 ,
984 2985 1031 3040 sed
1080 2994 1144 3032 men
1163 2979 1262 3049 partim
1277 2980 1306 3033 in
1320 2979 1437 3034 savorem
1456 2981 1613 3038 ultimarum
1624 2985 1787 3040 rotumum
1801 2988 1851 3040 ιω

251 3077 407 3154 compendii
426 3091 502 3128 causa
519 3071 610 3125 saltem
628 3068 677 3122 sub
696 3069 741 3122 illa
758 3068 894 3141 particula
910 3067 1032 3136 inclusa,
1081 3075 1229 3134 receptam,
1250 3081 1283 3118 ne
1300 3064 1378 3119 facile
1400 3066 1599 3134 subvertautnrs
1614 3069 1724 3140 partim,
1736 3073 1797 3144 quia
1811 3073 1849 3128 ῑι.

249 3184 318 3240 quae
336 3157 504 3236 postmodnm
521 3154 631 3210 extendi
654 3161 754 3226 posset.
783 3153 880 3208 Faber·
905 3156 1030 3210 anrett.
1080 3144 1156 3202 filius
1172 3148 1332 3220 praeteritus
1348 3167 1402 3204 nnn
1420 3151 1548 3218 laeditur,
1567 3171 1625 3206 eum
1653 3153 1699 3208 ille
1722 3155 1756 3210 ab
1781 3159 1849 3212 inte.

253 3273 297 3324 qo.
320 3260 360 3303 ss.
378 3265 407 3301 aa.
428 3255 471 3297 to.
489 3239 628 3311 Competit
645 3237 719 3292 enim
734 3237 799 3294 baec
812 3248 929 3308 potestas
948 3247 1029 3294 nota·
1080 3245 1146 3289 stato
1159 3251 1232 3288 snam
1246 3234 1398 3304 portionem
1411 3236 1516 3306 capias,
1528 3247 1667 3309 arrogatur
1680 3241 1773 3294 „laem
1788 3261 1848 3296 cen-

252 3338 311 3402 ric,
329 3343 361 3388 nt
376 3339 454 3403 queat
471 3325 648 3400 protocollum
661 3323 846 3378 abbreviatum
863 3331 892 3375 et
911 3331 1030 3378 caetera·
1079 3333 1178 3386 sutor,
1197 3329 1227 3374 ut
1245 3318 1289 3385 id,
1308 3319 1380 3390 quand
1398 3333 1534 3394 superest,
1555 3323 1713 3378 haeredibus
1739 3327 1848 3398 seriptis

252 3415 456 3476 tamaxtendere
471 3409 617 3466 secundum
631 3408 853 3463 consuetudinem
865 3406 1028 3478 perseniam,
1080 3405 1210 3471 restituat,
1228 3403 1294 3457 ltine
1312 3403 1377 3458 bace
1398 3405 1528 3460 sententia
1554 3427 1569 3462 s
1594 3407 1647 3462 Dd.
1673 3412 1849 3465 communite„

252 3512 282 3556 et
298 3510 386 3574 potest
396 3497 494 3553 addere
506 3496 644 3565 illa,quae
658 3493 904 3564 subintelliguntur
919 3491 953 3548 de
965 3511 1029 3736 ἴ.
1079 3489 1223 3562 ιρρωω,
1241 3489 1295 3542 nn,
1315 3489 1401 3543 sm
1421 3489 1525 3547 Bm·
1546 3501 1588 3545 Η.
1606 3493 1643 3546 m·
1665 3507 1707 3549 ἢ
1722 3497 1797 3551 zm
1812 3495 1851 3551 ad

255 3585 409 3650 suetudine,
429 3581 561 3652 aevigcre
581 3578 704 3651 capitum
721 3577 917 3632 continentiam
935 3578 969 3634 ab
1003 3598 1031 3634 e·
1071 3571 1112 3642 ff·
1130 3573 1164 3626 de
1183 3573 1246 3627 Jw'·
1265 3571 1390 3628 Codfcfll·
1406 3591 1436 3626 tt·
1455 3573 1790 3646 ⁹·Bsrt'v·de·5uccess.l·
1808 3594 1849 3636 to.

250 3669 383 3726 stationes
400 3686 446 3724 sea
463 3662 891 3734 eaeterattonesltn.tlarpaoa.t.
907 3667 988 3720 ulte
1021 3702 1029 3718 .
1080 3657 1121 3710 rs's.
1141 3668 1182 3713 ts.
1200 3659 1292 3712 tason.
1311 3659 1341 3712 in
1364 3659 1451 3713 Aust.
1469 3679 1507 3715 ετ
1525 3669 1609 3716 eausa
1634 3681 1663 3716 aa.
1689 3675 1733 3719 as.
1762 3665 1792 3719 C.
1816 3667 1850 3720 de

254 3769 278 3810 ι.
296 3776 324 3812 a.
340 3765 382 3810 rt.
395 3753 493 3808 Tutius
506 3763 595 3806 nmen
608 3749 811 3819 agetnntaains,
824 3747 850 3801 si
865 3749 936 3803 bane
951 3751 1030 3804 elau·
1078 3743 1125 3797 tit.
1141 3753 1258 3812 praeter.
1276 3743 1365 3798 Nicnl.
1384 3743 1462 3799 Beer.
1482 3744 1574 3800 Deris.
1595 3757 1655 3799 tet.
1674 3765 1702 3801 aa.
1723 3760 1746 3800 s.

254 3845 339 3898 radam
356 3840 513 3896 verbotenus
531 3834 707 3907 expresserit,
728 3851 761 3888 ne
779 3833 818 3889 ita
830 3834 974 3890 inutilibus
988 3835 1028 3888 li·
1114 3826 1174 3880 N⁰¹¹
1192 3827 1267 3898 pauci
1287 3837 1375 3884 “mm
1394 3842 1469 3897 ΝΜ,
1489 3831 1536 3901 ‘lui
1554 3829 1731 3885 ”ihfl‘lfflissu‘
1748 3831 1782 3885 δι’
1800 3833 1848 3888 ¹¹²0
1884 3836 1917 3889 ⁸²

254 3926 329 3980 tibus
346 3937 435 3997 postea
452 3939 542 3976 ansam
560 3919 720 3990 suppeditet.
1076 3911 1205 3984 opinione
1224 3911 1366 3980 recedunt,
1385 3915 1458 3970 inter
1474 3931 1541 3986 quos
1559 3915 1612 3967 lta.
1625 3913 1716 3986 Carpa-
1728 3919 1809 3970 Part.
1822 3932 1845 3973 s.

287 4009 405 4061 Omnino
412 4013 500 4062 autem
509 4004 562 4074 ipsi
574 4003 678 4058 notario
691 4001 782 4058 sedulo
793 4002 940 4058 carnarium
956 4003 1027 4070 erit,
1075 4009 1163 4052 conti·
1183 4011 1207 4052 t·
1227 3996 1282 4070 def-
1303 4011 1345 4052 ¹²·
1363 3999 1410 4054 ubi
1430 4017 1478 4072 per
1497 4009 1599 4054 textum
1612 4001 1644 4054 in
1662 4005 1694 4058 L.
1711 4003 1785 4057 Titio
1801 4017 1840 4058 ts.

253 4109 288 4145 ne
305 4087 409 4160 aliquid
428 4089 458 4142 in
476 4095 634 4142 testamento
642 4127 652 4156 ,
668 4087 739 4160 quod
757 4087 1024 4156 addendum,onsit·
1064 4082 1107 4154 ff
1126 4084 1159 4138 de
1177 4081 1264 4154 Intrffi
1290 4087 1360 4139 Test.
1378 4096 1405 4140 et
1422 4087 1455 4140 l.
1474 4085 1531 4140 Nec
1532 4083 1630 4156 fideic-
1646 4085 1735 4156 suff·
1749 4086 1843 4160 deieg.

253 4187 308 4241 tat,
328 4176 369 4230 vel
382 4171 554 4229 omittendum
565 4173 656 4238 addat,
670 4173 716 4226 sed
728 4190 759 4228 eo
770 4174 863 4229 saltem
881 4171 1023 4242 intendet,
1075 4181 1099 4222 t.
1117 4167 1230 4239 probat,
1250 4167 1297 4220 tali
1315 4185 1377 4222 casu
1394 4164 1632 4225 fideicommissum
1644 4189 1658 4224 a
1673 4171 1793 4227 demente
1807 4172 1846 4227 ia-

252 4271 280 4315 et
298 4261 347 4314 buc
365 4259 502 4322 observet,
516 4277 568 4328 quo
576 4257 781 4328 dispositionem
800 4259 917 4313 ultimae
929 4260 1022 4314 volun·
1073 4261 1162 4319 olum.
1180 4268 1209 4306 ac
1227 4252 1342 4326 proinde
1354 4269 1463 4324 prorsus
1477 4253 1586 4310 irritum
1599 4257 1752 4328 nullumque
1765 4257 1842 4314 vide-

249 4345 312 4400 tatis
329 4343 364 4399 ad
381 4342 543 4398 validitatem
560 4343 668 4413 dejure
694 4343 888 4398 subsistentem
910 4343 1020 4413 redigat.
1073 4338 1107 4392 ri.
1126 4339 1204 4409 Quod
1224 4338 1249 4391 si
1265 4355 1329 4392 veru
1347 4337 1455 4394 demens
1468 4337 1519 4394 init
1532 4348 1656 4405 testator,
1672 4339 1787 4397 deiectus
1802 4343 1843 4397 in·
1881 4357 1912 4400 ss

251 4429 431 4500 Quidantem
449 4427 542 4482 hocin
556 4445 633 4495 casu,
651 4427 675 4481 si
688 4428 809 4487 neurius
820 4445 913 4484 errore
925 4427 1020 4483 ductas
1070 4421 1190 4476 lellesslut
1207 4422 1236 4476 in
1253 4439 1284 4477 eo
1303 4421 1368 4488 suit,
1387 4441 1469 4494 quern
1496 4423 1630 4480 deiectum
1658 4425 1689 4479 in
1714 4435 1842 4482 testatore

251 4513 354 4584 aliquid
371 4513 538 4578 committat,
555 4531 625 4566 anne
643 4515 732 4584 possit
749 4531 869 4569 errorem
883 4531 959 4568 saurn
973 4513 1019 4569 sd·
1070 4507 1185 4560 deotolt
1203 4518 1294 4562 nostra
1312 4507 1445 4564 restruite
1457 4525 1513 4563 uon
1531 4517 1628 4581 potest.
1648 4511 1701 4564 Sed
1725 4529 1837 4584 respon·

249 4598 362 4654 missnba
374 4600 507 4669 corrigere
516 4609 546 4654 et
554 4596 705 4669 quomodo?
719 4599 853 4654 Distinete
866 4607 957 4653 autera
969 4617 1018 4670 pro
1069 4591 1129 4645 deri
1145 4601 1234 4664 {³⁰¹2ss
1251 4591 1428 4663 tenffllilert
1442 4591 1633 4665 dltflnssmdo
1646 4592 1718 4650 inter
1730 4595 1840 4652 ‹lernen-

248 4681 385 4736 deeisione
409 4682 505 4737 dubiae
527 4681 606 4752 bnjus
629 4681 794 4751 quaestionis
820 4679 1016 4753 procedendum
1070 4677 1134 4730 tiam
1152 4677 1289 4732 testatoris
1307 4695 1413 4743 veram.
1432 4687 1461 4732 el
1484 4688 1700 4754 prampltms
1720 4681 1767 4737 illa
1791 4701 1840 4754 per

251 4773 394 4832 “sepulcr
406 4781 440 4818 an
454 4781 530 4819 error
538 4761 781 4828 sitsubstantialis.
794 4765 835 4818 vel
848 4763 919 4818 circa
930 4763 1017 4834 ipsam
1069 4762 1209 4816 clausulam
1228 4761 1348 4816 codicill.
1368 4781 1422 4819 non
1440 4763 1556 4830 tollitur,
1574 4762 1643 4818 bene
1660 4775 1748 4820 nmen
1767 4767 1840 4824 baec.

252 4847 408 4900 testamenti
422 4847 596 4902 snbsuotiun
614 4847 762 4914 admissusr
780 4865 815 4902 an
831 4863 894 4904 vero
913 4857 1015 4902 tantun
1065 4847 1132 4904 llam
1152 4848 1175 4901 si
1194 4845 1379 4905 inofficiosum
1397 4848 1499 4906 dicatur
1514 4857 1782 4918 testamentum,non
1797 4871 1838 4910 re·
1878 4862 1910 4907 tt

249 4927 437 4996 accidentalisr
455 4929 540 5002 priori
557 4931 740 4986 msuomninc
753 4931 885 5000 dixerim,
897 4947 1014 4988 errorem
1065 4949 1127 4987 vera
1144 4931 1199 4987 init
1218 4933 1330 4988 demens
1348 4944 1472 5000 testator,
1497 4933 1543 4988 sesl
1561 4933 1612 4989 boc
1637 4937 1725 4990 colore
1745 4937 1838 4992 saltem

247 5017 279 5068 in
298 5012 517 5070 substantialibus
530 5015 627 5070 vitiare
643 5017 735 5086 ipsura
752 5026 959 5084 testamentum,
978 5017 1015 5070 si·
1065 5016 1149 5072 ntitnr
1166 5018 1370 5090 inpugnaturus
1383 5027 1586 5086 testamentum,
1599 5021 1674 5091 quasi
1689 5017 1840 5076 ademente

247 5109 292 5154 rut
309 5099 383 5153 enim
395 5099 582 5156 substantialis
595 5100 692 5156 addere
704 5101 859 5174 neutiquam
871 5102 947 5169 licet,
961 5101 1010 5156 tu-
1066 5099 1165 5158 isctnsn
1183 5100 1286 5159 luisset·
1303 5119 1345 5174 pr·
1365 5105 1434 5158 lust.
1453 5104 1487 5157 de
1504 5101 1611 5177 inoffic.
1629 5115 1687 5158 test.
1707 5105 1756 5160 list
1774 5123 1836 5177 ergo

246 5182 305 5235 ber.
323 5183 440 5238 Turrett.
458 5201 502 5252 qu·
525 5193 565 5236 ts.
583 5182 683 5254 Effice·
705 5196 746 5238 tt.
764 5205 792 5239 n.
809 5197 847 5240 ts·
861 5187 899 5241 lta
910 5203 958 5242 nec
969 5203 1013 5242 er·
1066 5189 1159 5242 saltem
1179 5185 1242 5244 ficta
1259 5187 1410 5254 dementia,
1423 5197 1453 5242 nt
1471 5187 1508 5244 ita
1527 5189 1577 5243 boc
1597 5187 1717 5244 remedio
1731 5187 1838 5259 adpor-

246 5281 336 5320 aurem
355 5266 523 5322 committere
540 5268 611 5322 circa
627 5266 735 5334 cadesa,
753 5279 781 5324 et
805 5270 938 5342 corrigere
962 5273 1014 5328 ite·
1067 5271 1169 5328 tionem
1189 5273 1242 5328 sibi
1261 5273 1378 5328 debitam
1397 5275 1536 5347 pervenire
1553 5273 1641 5345 possit
1658 5269 1733 5327 filius
1758 5291 1836 5343 prae-

180 5359 211 5402 ιι
250 5365 326 5415 nam,
344 5368 394 5420 pru
410 5349 498 5406 lubitu
518 5350 557 5406 ias
574 5351 633 5406 erit·
653 5351 846 5408 substantialia
866 5363 955 5410 autem
975 5367 1014 5412 te-
1066 5357 1173 5424 tcritns,
1192 5359 1232 5412 vel
1249 5357 1347 5429 iniuste
1364 5358 1709 5415 exhaeredatnslarnverc
1729 5357 1752 5410 si
1767 5359 1836 5412 clan-

246 5434 384 5502 ataraenti,
404 5445 466 5492 sunt
479 5435 535 5507 ipsa
549 5437 788 5494 seilicetbaeredis
800 5439 952 5510 institutio,
966 5459 1013 5499 seu
1065 5443 1122 5500 suls
1141 5443 1258 5500 codicill.
1276 5443 1394 5517 adjecta,
1409 5442 1529 5518 exspirat
1546 5443 1593 5500 illa
1611 5443 1760 5514 dementia,
1774 5461 1837 5499 narn
