4478 6350
351 525 400 582 23,
577 518 626 574 ott
639 519 810 579 resson'ts
825 518 928 576 ctttct
944 517 1042 576 HUNC
1055 519 1247 576 elucentem
1260 519 1573 594 nuttttQutsrtrtttus
1741 519 1794 576 aia

279 639 382 694 qmque
395 617 430 672 ob
450 613 560 672 fractam
579 633 669 688 paoem
688 617 821 690 publicam
840 613 928 686 gladio
941 616 1045 686 puniri,
1096 615 1215 686 lugiens,
1242 617 1368 670 habeatur
1390 635 1439 690 pro
1465 614 1616 672 Cont'esso?
1636 619 1695 672 Hoc
1721 632 1866 686 negamus,

280 718 308 761 et
326 707 439 759 liberum
464 703 519 756 crit
543 702 645 767 ludici,
672 721 750 773 quam
777 721 887 776 poenam
913 703 1050 769 eiusmodi
1097 701 1223 770 quoniam
1242 699 1391 758 Effraotura
1410 701 1529 757 Carceris
1547 719 1601 756 nou
1614 712 1655 756 est
1666 702 1773 772 aliquod
1787 699 1869 754 insal-

279 787 446 860 delinquenti
467 805 515 860 pro
534 787 639 842 ratione
656 787 915 842 circumstantiarum
929 787 1047 857 irrogare
1098 786 1174 839 libile
1192 787 1331 840 commissi
1350 784 1442 842 delicti
1456 789 1573 856 siguum.
1585 787 1698 856 Magnis.
1714 788 1767 840 llo.
1781 785 1870 839 linan-

280 872 354 928 selit.
373 871 467 940 Carpz.
482 869 529 926 all.
543 870 562 922 l.
575 869 738 922 Extenditnr
750 871 802 935 ita,
816 869 950 924 arcadem
963 887 1046 941 poena
1097 887 1168 922 nero.
1181 873 1247 940 Rep.
1257 881 1350 940 purat.
1363 872 1462 924 Mattb.
1475 873 1607 926 Weseub.
1622 875 1656 926 de
1666 873 1769 926 custod·
1785 875 1870 926 Reor.

279 958 417 1020 obtinent,
435 955 499 1008 licet
515 955 576 1024 quis
595 955 660 1008 uelit
678 954 778 1023 injuste
795 954 828 1006 ad
848 965 962 1007 mortem
980 973 1044 1008 con·
1097 967 1204 1028 quaest,
1225 968 1249 1008 t.
1269 955 1345 1010 Buce.
1366 972 1441 1010 cons.
1463 966 1505 1008 ts.
1520 977 1548 1012 rr.
1564 968 1606 1012 tt.
1617 957 1741 1012 lllenocb.
1755 957 1773 1008 l.
1789 966 1813 1007 t.
1828 957 1865 1009 A.

280 1041 433 1093 demnatum
452 1037 571 1109 eripere,
589 1037 651 1106 quia
670 1037 747 1090 datur
760 1037 831 1090 aliud
842 1037 988 1091 remedium
1002 1055 1045 1090 or·
1097 1039 1128 1090 J.
1151 1044 1182 1109 Q.
1202 1058 1225 1094 e.
1248 1051 1307 1093 sot.
1326 1059 1353 1092 n.
1375 1053 1399 1093 t.
1418 1040 1604 1110 Unusquisque
1622 1040 1710 1105 eninr,
1733 1039 1790 1092 illis
1817 1040 1862 1091 in-

279 1123 430 1186 dioarium,
451 1139 546 1193 nempe
566 1123 715 1192 provocatio
733 1133 825 1176 contra
844 1121 1044 1175 sententiamin
1096 1128 1181 1178 clusus
1199 1125 1342 1193 augustiis,
1361 1125 1516 1179 liberiorem
1536 1123 1642 1178 risendi
1668 1135 1695 1178 et
1719 1141 1747 1178 se
1775 1122 1867 1176 delen·

281 1209 367 1262 tteum
392 1206 536 1279 prolatam,
558 1223 624 1276 quae
649 1205 758 1260 incultas
781 1205 867 1260 cuiris
891 1207 1046 1260 conceditur
1095 1211 1175 1264 deudi
1194 1211 1325 1264 rationem
1347 1208 1423 1262 tacite
1442 1209 1572 1274 advertit,
1590 1227 1669 1279 quant
1695 1209 1719 1262 si
1745 1225 1777 1261 ex
1802 1207 1866 1260 Car·
1974 1207 1979 1218 '

280 1297 314 1348 t.
333 1303 377 1344 29.
399 1296 429 1347 C.
449 1293 481 1345 de
499 1293 610 1362 Appeli.
629 1296 661 1347 l.
685 1288 793 1360 tto-ff.
812 1291 845 1345 de
862 1293 897 1347 R·
919 1292 949 1342 J·
966 1290 995 1342 P·
1010 1292 1044 1344 G.
1095 1314 1153 1350 cere
1172 1295 1226 1365 ipsi
1247 1294 1284 1348 sit
1308 1294 1535 1365 respondendum.
1561 1294 1655 1348 Potius
1681 1309 1755 1362 ergo,
1777 1305 1807 1348 ut
1831 1293 1865 1346 ab

281 1377 388 1434 Tbelos.
408 1377 427 1429 1.
448 1391 490 1432 ss.
508 1381 649 1448 syntagm·
675 1378 707 1430 J.
737 1380 770 1431 U.
795 1393 854 1446 cup·
881 1386 922 1428 ²⁵·
948 1393 976 1428 n·
1002 1387 1043 1428 st.
1096 1378 1271 1434 incommodis
1288 1379 1403 1432 carceris
1421 1379 1569 1442 liberetur,
1589 1395 1669 1448 quam
1689 1387 1719 1430 ut
1738 1376 1867 1430 delictum

280 1460 358 1516 Nunc
373 1463 456 1516 etiam
475 1464 639 1532 colligimus,
657 1460 726 1532 qnod
746 1478 795 1514 nec
813 1462 854 1513 illi
872 1461 930 1514 sint
953 1461 1043 1533 impu·
1094 1461 1265 1530 confiteatur,
1286 1463 1314 1514 id
1334 1461 1430 1516 lesisse
1448 1459 1666 1535 praesumendum
1691 1459 1796 1531 'semper
1821 1470 1861 1512 ta-

280 1549 350 1614 niti,
368 1548 415 1622 qui
434 1549 475 1602 rel
494 1547 658 1616 instigarunt
681 1545 714 1600 ad
737 1547 874 1600 currerem
898 1545 1043 1616 effstngen-
1096 1569 1157 1606 rneu
1176 1551 1225 1605 bac
1244 1552 1356 1604 carceris
1374 1547 1513 1604 effractore
1531 1545 1648 1619 suspicio
1664 1556 1754 1600 eontra
1778 1547 1862 1599 Reum

281 1633 359 1698 dora,
378 1635 419 1688 rel
435 1635 501 1689 elias
519 1633 628 1688 modurn
642 1633 718 1702 trigae
730 1644 926 1704 suggesserunt,
946 1651 969 1687 e.
983 1653 1008 1703 g.
1021 1632 1043 1686 si
1093 1643 1216 1704 augetur,
1235 1645 1265 1689 ut
1283 1635 1361 1696 inde,
1380 1635 1441 1688 aliis
1459 1630 1678 1687 concurrentibus
1689 1627 1860 1682 adminiculis

279 1722 342 1792 quis
353 1719 492 1776 Carcmatu
502 1719 827 1789 praebeatinstrumeuta,
840 1719 938 1789 qulbus
951 1718 1046 1772 Curcer
1094 1721 1248 1774 octacilius
1268 1719 1406 1774 Confessio
1430 1717 1646 1789 perterritionem
1673 1717 1714 1770 rel
1734 1723 1864 1768 torturam

280 1810 368 1881 possit
389 1807 496 1878 effringi
518 1810 558 1863 rel
582 1809 684 1861 uincula
707 1805 809 1869 incidi,
828 1816 890 1858 tuuc
909 1805 931 1858 si
951 1805 1044 1873 depre·
1097 1823 1144 1878 pro
1163 1805 1319 1858 diversitate
1337 1802 1596 1858 circumstantiarum
1614 1800 1719 1871 exquiri
1739 1797 1833 1869 possit.

281 1889 429 1953 bendmur,
449 1908 560 1962 poenam
579 1899 705 1952 meretur,
730 1907 809 1958 quarn
832 1889 920 1942 ludex
942 1890 1044 1942 ratione
1133 1890 1229 1944 Pedem
1249 1905 1319 1942 nuuc
1335 1885 1404 1957 figo,
1423 1897 1451 1940 et
1468 1887 1531 1940 baec
1550 1901 1597 1957 pro
1615 1883 1718 1956 ingenii
1736 1881 1860 1934 imbecil-

280 1973 344 2028 t'aeti
363 1983 392 2028 et
413 1974 672 2028 circumstantiarum
696 1971 896 2026 determinabit.
919 1973 1042 2024 Menocb.
1093 1975 1169 2027 litate
1185 1975 1219 2027 de
1243 1974 1292 2026 buc
1317 1973 1429 2027 materia
1452 1971 1568 2034 dixisse,
1594 1969 1624 2022 io
1650 1965 1859 2040 praesentiarum

281 2056 299 2108 1.
321 2068 345 2108 2.
366 2058 403 2110 A.
423 2059 453 2110 J.
477 2061 509 2126 Q.
525 2077 552 2110 c.
570 2069 630 2112 sut.
649 2076 678 2110 n.
698 2067 740 2108 ιι.
764 2055 915 2110 Notandum
942 2067 1044 2120 tamen,
1094 2056 1239 2112 sufficiant.
1258 2059 1299 2112 Tu
1317 2057 1435 2112 Candide
1455 2055 1548 2109 lector
1565 2053 1702 2126 primitias
1719 2049 1859 2120 has,quas

283 2140 353 2210 quod
372 2141 416 2196 bic
434 2140 467 2196 etl
493 2159 603 2213 poenam
628 2139 801 2212 mitigandam
829 2143 942 2196 multum
967 2141 1045 2196 iaciat
1094 2143 1220 2199 Tbemtdt
1237 2143 1267 2197 iu
1286 2142 1418 2198 Cathetlra
1434 2139 1531 2203 offero,
1549 2132 1856 2198 boniconsule,oond0-

282 2223 392 2280 atl'eetus
408 2244 469 2295 erga
488 2227 671 2288 Carceratum,
687 2235 717 2280 ut
730 2226 753 2278 si
765 2227 840 2278 Uxor
853 2225 985 2280 industria
998 2245 1044 2280 sua
1096 2247 1144 2292 na,
1165 2229 1189 2280 si
1206 2227 1313 2298 quando
1332 2243 1366 2282 ex
1382 2227 1457 2298 lapsu
1470 2226 1508 2278 ael
1522 2220 1632 2293 judicii,
1646 2222 1687 2284 rel
1699 2217 1857 2288 iuventutis·

282 2307 322 2359 rel
339 2307 389 2361 alia
405 2308 517 2378 quadarn
536 2321 593 2363 arte
608 2310 737 2363 Maritum
761 2308 909 2362 carceribus
932 2309 1046 2365 liberare
1093 2312 1244 2366 dormituri.
1263 2311 1418 2376 Contestor,
1436 2330 1480 2366 me
1498 2311 1549 2364 tibi
1569 2305 1690 2369 mouenti
1708 2311 1736 2356 et
1749 2301 1858 2355 meliora

283 2390 355 2442 relit
371 2392 480 2447 Cornea.
500 2395 532 2447 J.
552 2405 576 2445 t.
594 2411 657 2448 var.
675 2396 738 2448 lies·
755 2411 778 2447 c·
793 2404 817 2444 t.
830 2391 892 2462 ins.
906 2395 982 2448 Zoes·
995 2396 1042 2448 att.
1095 2398 1200 2452 docenti
1216 2397 1333 2452 libenter
1355 2397 1611 2468 obtemperaturum,
1636 2407 1686 2448 nse
1709 2385 1857 2440 stltefflltt·

283 2473 301 2526 ἱ.
320 2493 348 2528 ιι.
367 2487 410 2530 27.
427 2475 497 2545 ins.
1095 2501 1163 2535 rum.
1184 2481 1246 2535 'rtbt
1272 2498 1333 2534 sero
1353 2481 1480 2536 summu
1505 2479 1598 2532 DEUS
1624 2471 1790 2530 immortales
1812 2483 1861 2535 ago

319 2558 461 2617 Coronidis
479 2565 535 2616 loco
553 2561 602 2614 boc
619 2559 708 2615 tbema
725 2563 894 2626 resolvemus,
907 2581 940 2618 an
952 2563 1045 2622 Carce-
1094 2567 1193 2638 gratias
1203 2585 1251 2639 pro
1262 2565 1337 2618 lelici
1350 2564 1499 2620 conaminis
1511 2563 1590 2630 huius
1601 2574 1733 2623 successu,
1745 2551 1811 2608 Tibi
1824 2551 1861 2604 sit

282 2648 357 2696 ratus
375 2643 483 2699 effracto
501 2645 622 2712 Carcere,
641 2646 683 2697 rel
700 2645 753 2701 alio
769 2647 955 2719 qualicumque
966 2649 1044 2706 modo
1219 2651 1308 2707 teus
1328 2651 1366 2706 ΙΝ
1384 2647 1574 2704 temanum
1596 2638 1713 2697 fflEll!

782 2843 1119 2927 nrsru'rauro
1145 2847 1350 2942 nutura

1033 3019 1060 3078 D
1071 3017 1094 3076 E

540 3161 889 3284 dttttttttttu
937 3167 1603 3292 uuuutttttttttttttttts

757 3399 810 3444 nra
855 3379 889 3444 3.
937 3403 1051 3448 uanrrt
1087 3402 1170 3446 auno
1210 3403 1359 3448 ancnxrr.

902 3555 1228 3600 ΗΗΟΗΙΝΗ

670 3681 998 3760 Cttttts'r'tstto
1049 3692 1460 3783 WILDVOGELIO,

871 3865 1082 3928 mantuus.
1119 3867 1273 3924 saxon.

773 4101 775 4104 -
819 4081 1317 4120 -n-—1-0-——n-

866 4257 1280 4366 remearem

286 4377 406 4586 Qui
432 4480 558 4574 Legum
583 4497 766 4549 nostrarum
790 4477 1011 4548 Prudentiam
1032 4477 1256 4562 admirantur,
1274 4489 1309 4546 et
1329 4480 1529 4575 singularem
1550 4481 1749 4574 sapientiam
1771 4510 1862 4556 com-

287 4571 462 4654 mendent,
480 4595 547 4639 non
565 4572 688 4665 injuste
704 4569 845 4639 lecturos
861 4571 1020 4656 arbitror,
1032 4569 1059 4635 si
1075 4593 1117 4634 ex
1132 4569 1192 4637 hac
1207 4594 1343 4663 quoque
1359 4591 1450 4664 parte
1467 4569 1586 4638 iisdem
1601 4572 1733 4664 aliquid
1750 4573 1862 4647 laudis

286 4663 450 4744 tribuant,
475 4661 565 4754 quod
597 4661 870 4756 Agonizantium
893 4662 993 4729 etiem
1018 4673 1084 4725 tana
1112 4671 1257 4726 maetam
1285 4685 1399 4728 curam
1424 4662 1619 4744 habuerint,
1653 4661 1859 4760 illorumque

284 4751 418 4846 Effusis
431 4757 557 4820 certum
585 4755 635 4820 ‘us
649 4753 892 4820 oonstituerint.
911 4751 1049 4818 Etenim
1071 4752 1098 4817 si
1122 4750 1296 4818 bominum
1319 4751 1406 4819 dicta
1429 4775 1577 4844 unquam
1602 4751 1730 4820 attendi
1754 4779 1854 4847 opon-

284 4856 349 4922 tet,
373 4857 412 4911 ut
437 4846 529 4935 juata
553 4777 611 4910 illa
634 4842 676 4909 de
699 4844 709 4909 i
773 4869 847 4911 rum
872 4865 970 4910 sensu
992 4859 1027 4907 et
1049 4839 1221 4908 voluntate
1251 4843 1350 4931 possit
1373 4842 1530 4934 judicaria
1554 4855 1626 4910 tum
1648 4843 1700 4912 rel
1715 4847 1862 4917 maxime

284 4933 318 4998 id
342 4959 381 5001 eo
404 4953 550 5024 tempore
572 4932 643 5000 lieri
667 4867 783 5018 debas-i,
807 4957 876 5028 quo
896 4929 1064 5000 mundum
1079 4931 1185 5008 bunc,
1200 4953 1411 5000 communem
1426 4933 1578 5000 omnium
1595 4934 1752 5026 patriam,
1771 4935 1860 5005 bone

283 5025 383 5092 simul
406 5025 467 5091 elia
494 5047 536 5090 ue
559 5035 639 5090 sunt
662 5022 828 5106 relicturi,
850 5043 885 5091 et
911 5047 950 5091 eo
976 5023 1258 5115 transmigraturi,
1288 5022 1380 5090 unde
1408 5022 1536 5092 reditus
1559 5025 1595 5092 in
1619 5023 1698 5094 baec
1725 5039 1859 5094 terrena

288 5139 351 5181 rron
376 5048 581 5196 consciitur,
606 5125 645 5180 nt
669 5117 784 5180 merito
807 5114 861 5183 bic
884 5112 1015 5207 pondus
1038 5113 1185 5202 ipsorum
1208 5111 1318 5181 verbis
1341 5113 1446 5181 inesse
1468 5138 1596 5208 semper
1618 5115 1780 5183 creditum
1795 5117 1856 5200 sit,

286 5229 335 5272 me
361 5229 468 5300 nuque
491 5229 567 5272 cura
592 5217 624 5271 et
647 5203 871 5273 sollicitudine
893 5217 1064 5282 annotata,
1088 5215 1126 5270 ut
1149 5227 1236 5295 quae
1259 5205 1378 5298 majori
1406 5229 1482 5273 cum
1511 5206 1627 5272 ardore
1655 5207 1856 5300 certiorique

284 5293 348 5364 deli
393 5295 537 5378 ratione,
560 5308 594 5364 et
618 5311 788 5388 tamquam
813 5313 972 5388 perpetuo
996 5293 1137 5360 valitura
1155 5305 1260 5360 esseut
1277 5297 1504 5386 pronunciata.
1520 5295 1682 5364 Videmus
1698 5295 1733 5362 id
1749 5299 1857 5389 quod·

285 5409 351 5478 que
374 5411 441 5458 nou
466 5397 594 5454 tantum
619 5387 654 5454 in
680 5398 828 5456 veterum
853 5385 1013 5454 sactorum
1035 5382 1315 5475 descriptionibus
1330 5387 1558 5476 observatum,
1577 5397 1782 5479 etquatttam
1799 5387 1857 5455 ad-
