4424 6340
440 478 489 531 rri
931 471 1119 529 ntsrtrtr.
1140 472 1175 524 Il.
1194 473 1310 528 clrtr
1329 474 1377 530 Vl.
1833 483 1892 539 rui·

311 588 324 630 2
356 575 466 630 Eccles-
483 575 500 626 l.
517 587 538 626 t.
552 572 642 628 Closs.
657 581 681 621 t.
695 585 718 621 c.
739 579 762 620 4.
783 587 811 621 ιι.
832 579 857 620 2.
876 567 1030 624 Videndum
1045 569 1133 638 itaque
1187 567 1274 636 odff.
1289 569 1330 622 tit.
1350 567 1383 620 de
1402 567 1464 623 Jur.
1484 565 1556 624 Fisc.
1578 588 1606 621 ιι.
1627 577 1651 620 t.
1672 571 1724 624 Sed
1740 573 1803 628 haec
1819 575 1958 636 dicium„

363 664 392 714 in
412 658 545 731 praesenti
564 666 613 721 est,
631 671 706 724 quae,
723 653 758 706 ob
777 653 909 723 publicam
927 653 1084 716 utilitatem,
1105 653 1133 703 in
1186 674 1240 708 nou
1258 655 1430 716 obsecratur,
1447 671 1508 706 cum
1527 671 1603 723 saepe
1617 671 1664 724 pro
1682 655 1779 709 iisdem
1804 675 1955 728 portamur,

365 758 419 798 tarn
447 741 591 796 uelandum
618 741 736 810 Propolii
760 739 861 792 crimen
882 740 939 806 jure
956 737 1135 791 Consiliorum
1186 747 1264 806 atque
1285 747 1338 790 tam
1359 735 1479 799 arcus,
1499 755 1578 806 quant
1598 737 1650 788 ud.
1670 739 1874 798 confundantur.
1889 751 1957 800 Vt'e·

364 839 460 884 statuta
480 845 562 898 poena
586 825 631 878 sit.
657 826 754 876 Parum
775 824 848 876 enim
876 823 942 890 juris
964 822 1061 874 notitia
1080 823 1136 873 cui·
1188 821 1301 876 seabd·
1320 823 1378 874 1.ιι.
1394 821 1577 876 ².Wisscnb.
1595 822 1621 873 d.
1640 823 1678 873 rt.
1701 833 1725 873 2.

361 933 440 984 quam
466 907 608 984 proficiet3
633 909 690 961 nisi
714 918 762 973 et,
788 926 823 960 an
848 910 906 976 jura
927 908 973 958 illa
992 925 1041 958 usu
1059 917 1137 975 atque
1224 904 1431 960 confiscationis
1448 916 1536 959 autem
1553 906 1619 958 olim
1638 907 1805 978 frequentior
1816 928 1878 963 usus
1893 911 1956 978 suit,
1995 926 2010 966 t

360 997 527 1052 obseruantia
553 995 773 1065 frequententur,
791 993 929 1062 cognitum
955 991 1066 1044 insimul
1091 991 1136 1042 ba-
1187 993 1257 1068 quod
1277 991 1387 1063 plurimi
1408 992 1435 1042 in
1456 991 1513 1058 jure
1531 1001 1622 1043 nostro
1642 1001 1729 1044 textus
1747 995 1893 1048 incidenter
1918 1015 1960 1051 sa·

364 1082 433 1134 beiti.
455 1081 562 1133 Diserte
582 1087 670 1132 aulem
693 1077 727 1130 tie
746 1077 795 1130 hoc
813 1075 927 1128 crimine
954 1073 1072 1144 Propulii
1096 1091 1139 1143 pa·
1190 1082 1226 1134 [is
1252 1079 1454 1141 demonstrant,
1474 1095 1540 1146 quos
1560 1077 1655 1143 allegat
1673 1077 1725 1126 Dn.
1746 1076 1835 1128 Richt,
1848 1077 1887 1130 ad
1898 1083 1958 1134 Au.

362 1167 430 1218 riter
448 1183 477 1218 ac
495 1163 644 1234 Metropolii
663 1160 748 1230 (quae
766 1161 823 1232 ipsa
845 1170 932 1213 taruen
957 1161 1016 1228 jure
1043 1161 1138 1212 lieces·
1190 1167 1228 1216 eli.
1249 1160 1377 1233 Navigia
1395 1162 1428 1216 C.
1449 1160 1481 1212 de
1499 1162 1619 1214 Furta.
1640 1171 1680 1210 rs.
1702 1159 1825 1230 idemque
1848 1161 1881 1214 de
1904 1165 1962 1230 jun

365 1266 441 1300 suum
461 1246 572 1318 {inperii
590 1245 784 1316 quodammodo
803 1243 1026 1313 confundamur)
1051 1242 1139 1312 agitur
1190 1249 1324 1302 canonico
1344 1245 1513 1298 observarem
1534 1243 1631 1308 fuisse,
1656 1244 1726 1313 quod
1751 1245 1819 1297 bons
1848 1248 1962 1314 graviter

365 1328 396 1381 iu
414 1328 568 1400 Reformat.
587 1329 674 1384 Polit.
693 1329 824 1400 publicata
851 1327 880 1379 in
907 1327 1033 1380 Comitiis
1053 1327 1139 1394 augu-
1191 1330 1403 1400 delinquentium
1423 1329 1456 1380 ad
1475 1329 1580 1382 Fiscurn
1599 1329 1735 1382 Ecclesiae
1752 1329 1835 1384 delata
1859 1331 1961 1386 luerint

366 1414 451 1466 stanis
470 1435 483 1466 a
502 1412 594 1466 Carolo
612 1415 646 1464 V.
665 1415 723 1468 An.
755 1423 830 1464 rste.
849 1412 890 1464 tit.
910 1411 964 1465 Die
987 1411 1139 1481 blonopolia
1192 1434 1240 1488 per
1263 1434 1286 1468 c.
1312 1427 1353 1467 ro.
1371 1415 1528 1467 delineret.
1547 1414 1648 1482 probat.
1667 1415 1741 1466 Idem
1761 1415 1800 1468 od
1816 1415 1961 1470 Auidio·

366 1495 425 1550 und
449 1495 650 1550 seliaendiliclre
685 1495 853 1565 Vorkuenffe
877 1495 1038 1564 belongend.
1059 1505 1086 1546 et
1111 1495 1140 1546 in
1190 1510 1277 1556 castos
1300 1497 1484 1552 Gdeincest.
1503 1497 1639 1550 erinacii.
1658 1507 1732 1567 nupt.
1751 1517 1779 1550 ιι.
1804 1509 1842 1549 ts.
1869 1500 1959 1554 Jodoe.

370 1578 467 1634 Ordin-
477 1580 563 1632 Polit.
580 1581 608 1632 in
621 1578 720 1650 quibus
731 1581 798 1632 locis
812 1579 1035 1633 Dardanariorum
1048 1581 1141 1648 genius
1194 1581 1371 1635 Dambouder
1391 1581 1418 1632 in
1438 1583 1531 1634 Prosc-
1550 1598 1603 1635 rer.
1622 1583 1709 1636 Crim.
1728 1599 1751 1634 c·
1772 1594 1814 1634 oo.
1829 1601 1866 1635 ex
1878 1584 1964 1638 ctos·

367 1681 397 1715 ac
417 1664 506 1717 innata
521 1663 623 1716 indoles
635 1663 737 1734 optime
748 1662 917 1716 describitur.
933 1665 1034 1734 Operae
1053 1673 1141 1715 autem
1191 1683 1292 1721 soneeo
1302 1664 1511 1721 odConsuetud·
1524 1665 1666 1734 Burgunci
1677 1664 1726 1718 sud
1739 1665 1821 1718 nuta.
1832 1666 1879 1719 der
1889 1667 1962 1722 Coa·

368 1747 484 1818 pretium
503 1765 546 1801 me
567 1747 697 1801 iacturum
720 1749 862 1810 arbitror,
881 1748 904 1799 si
924 1765 958 1800 cx
977 1749 1058 1802 dictis
1075 1747 1140 1801 locis
1182 1749 1341 1821 fiscotions
1369 1746 1393 1818 5.
1417 1761 1438 1800 4.
1459 1761 1484 1801 2.
1502 1760 1528 1804 et
1549 1763 1572 1801 ³.
1592 1748 1688 1802 Cacsar
1703 1749 1786 1802 trsit.
1806 1753 1911 1804 Annot.
1926 1751 1964 1804 od

364 1834 453 1897 rerba,
473 1834 608 1904 prienalem
629 1831 793 1885 sanctionem
811 1831 999 1902 exprimentia,
1018 1851 1145 1904 apposue-
1195 1837 1276 1888 Moti.
1299 1835 1332 1889 cle
1351 1831 1466 1903 Asstirt.
1488 1834 1578 1888 Decis.
1598 1843 1659 1888 404.
1677 1854 1705 1886 ιι.
1724 1835 1962 1904 te.sexagiutase·

368 1937 413 1980 ro;
431 1918 466 1970 Et
482 1919 591 1990 quidem
610 1918 639 1970 in
658 1913 681 1986 5.
700 1916 830 1986 lliernus
840 1917 928 1972 doben
944 1917 1006 1985 wir,
1026 1919 1143 1972 dicitur:
1194 1930 1267 1990 ptem
1296 1926 1455 1970 enumerant
1479 1936 1565 1983 casus,
1585 1917 1614 1969 in
1632 1917 1729 1986 quibus
1746 1918 1780 1971 de
1797 1921 1862 1973 Jure
1880 1918 1961 1972 Cirili

372 2003 479 2058 Wollen
498 2002 617 2072 dier-ans
625 2001 775 2067 ernstlicb,
794 2003 857 2054 dors
876 2002 970 2056 solede
989 2003 1143 2058 Handtbie·
1194 2006 1281 2056 locum
1300 2001 1397 2056 babeat
1420 1999 1583 2056 confiscatio·
1600 2001 1657 2056 Nec
1679 2003 1807 2056 absurdus
1828 2002 1894 2056 adeo
1917 2005 1962 2059 hic

368 2103 440 2157 rrang
463 2084 599 2157 Ans-und
626 2083 769 2154 Verdouff
786 2085 906 2155 binstiro
930 2087 1062 2141 verbotea
1089 2089 1146 2140 und
1194 2088 1301 2140 Fiscurn
1327 2086 1433 2140 ditandi
1457 2085 1565 2151 modus,
1591 2104 1652 2138 cum
1676 2103 1708 2138 ex
1726 2088 1783 2155 ejus
1800 2087 1962 2142 abundantia

369 2172 480 2241 abseya,
500 2171 559 2224 und
575 2171 618 2226 die
636 2168 770 2240 liinfribro
796 2169 936 2224 niemand
953 2171 1041 2222 soeder
1060 2169 1144 2224 durch
1197 2191 1251 2224 non
1272 2180 1374 2224 tanturn
1394 2171 1423 2222 in
1444 2171 1594 2223 nniversam
1617 2171 1711 2240 liemp.
1732 2170 1778 2224 sed
1804 2179 1831 2223 et
1856 2171 1885 2222 in
1904 2172 1971 2224 siu-¹

366 2257 425 2310 siclt
442 2256 549 2323 certast,
569 2257 638 2310 norb
657 2257 758 2310 andere
776 2255 878 2308 treiben
901 2254 970 2307 oder
985 2254 1054 2306 iiber
1073 2254 1145 2319 soll5
1196 2255 1269 2325 gulos
1288 2255 1360 2308 eires
1378 2254 1481 2306 utilitas
1495 2251 1751 2322 possitredundare:
1760 2252 1798 2305 Ut
1811 2253 1962 2308 mirandum

374 2341 479 2395 ll'elcde
503 2342 571 2393 aber
600 2339 760 2394 bierwieder
790 2339 896 2392 solcbes
921 2339 985 2392 tbun
1014 2337 1144 2404 wiirden,
1198 2340 1253 2401 sit,
1271 2355 1331 2390 cum
1353 2347 1392 2389 tot
1411 2337 1486 2390 noris
1505 2337 1630 2406 pecunias
1648 2335 1772 2402 exigendi
1791 2337 1918 2390 remediis
1935 2355 1963 2392 se

370 2427 435 2481 dero
456 2427 539 2480 Iluob
563 2426 623 2479 und
647 2422 917 2480 &exterminantia
937 2424 1146 2477 unddertlhri-
1197 2425 1225 2475 in
1244 2423 1310 2476 aulis
1330 2421 1484 2492 Principum
1498 2422 1683 2474 commendent
1698 2421 1857 2474 noriilliex
1875 2422 1965 2477 Gallis

368 2510 442 2580 gleit
448 2510 576 2580 jegliabes
591 2511 677 2574 Ortcs,
690 2527 721 2562 so
733 2509 867 2579 peinlielre
878 2513 942 2563 Stra
937 2507 985 2579 [ε
999 2507 1146 2561 desEader
1197 2507 1337 2577 hospites,
1355 2515 1383 2558 et
1399 2524 1479 2560 omne
1491 2523 1573 2574 genus
1587 2506 1784 2575 peregrinarum
1798 2507 1965 2560 exactionum

368 2597 417 2650 tar
428 2636 438 2662 ,
458 2593 596 2666 versallen
615 2611 692 2663 seyn.
710 2596 744 2647 Et
763 2595 827 2648 haec
845 2611 928 2666 poena
946 2590 1146 2646 confiscationis
1198 2591 1323 2644 inducere
1342 2590 1370 2642 in
1390 2591 1542 2662 provincias
1562 2590 1740 2654 Germaniae,
1758 2591 1878 2644 libertati
1897 2593 1965 2646 alio·

369 2681 500 2733 bonorum
521 2687 610 2750 postea
629 2681 771 2750 reperitur,
790 2680 818 2730 in
841 2676 863 2750 5.
884 2677 942 2732 und
959 2697 1000 2732 too
1020 2677 1080 2740 die,
1099 2677 1145 2730 ubi
1197 2676 1263 2746 quin
1280 2685 1411 2741 assuetas,
1430 2675 1560 2745 gestiant,
1581 2692 1658 2728 nemo
1678 2671 1734 2726 iere
1752 2685 1862 2742 urgeat,
1877 2676 1965 2727 ntTi·

371 2776 397 2820 et
416 2767 467 2819 alia
486 2782 578 2836 poene
599 2764 737 2832 notegario
757 2763 899 2826 nimirum,
920 2764 1007 2834 priori
1027 2761 1150 2834 additur,¹
1199 2759 1248 2811 tuli
1264 2758 1379 2812 Fiscales
1397 2759 1427 2811 in
1444 2761 1509 2812 Jure
1523 2768 1614 2811 nostro
1633 2757 1762 2826 expressi,
1783 2757 1811 2808 in
1830 2773 1906 2808 nsum
1921 2773 1961 2809 re·

369 2853 472 2904 verbis:
497 2851 561 2906 Unci
581 2869 621 2904 too
648 2849 692 2902 die
711 2847 883 2918 (Ordnung)
910 2848 993 2902 durch
1019 2847 1145 2917 einiger,
1197 2859 1333 2910 vocentur,
1352 2862 1411 2898 cum
1432 2844 1469 2896 ita
1489 2843 1680 2895 honestissime
1693 2843 1784 2894 l'iscus
1798 2841 1965 2910 locupletari,

372 2954 429 2992 wer
444 2937 495 2990 der·
510 2953 613 3000 sonere,
629 2935 791 2998 ubertreten,
804 2933 924 2987 derselbe
936 2934 991 2986 soll
1003 2932 1085 2986 durch
1099 2933 1148 2986 der
1199 2942 1226 2986 ct
1245 2933 1325 2986 simul
1345 2927 1513 2999 gravissimis
1525 2926 1632 2978 delictis
1645 2925 1713 2980 obex
1726 2925 1787 2994 poni
1802 2925 1894 2994 possit.
1914 2923 1967 2978 Sed

373 3020 519 3090 Obrigkeit,
539 3021 574 3072 do
592 3019 668 3072 solet
693 3019 860 3072 Verdrecden
878 3019 1036 3088 gerebeden,
1052 3019 1147 3072 ratolt
1197 3020 1297 3088 placet,
1312 3015 1379 3086 prob
1398 3008 1491 3065 dolor!
1511 3012 1615 3081 magis,
1634 3011 1668 3062 ab
1686 3010 1871 3063 innocentibus
1890 3009 1964 3062 noris

370 3107 459 3160 dieser
471 3104 614 3173 Ordnong,
628 3105 678 3172 bey
692 3103 872 3172 Verlielirung
888 3102 980 3156 rer'ner
992 3103 1074 3154 11ααύ
1089 3100 1148 3154 und
1196 3102 1323 3156 remediis
1341 3110 1496 3169 extorquere
1514 3113 1653 3156 nummos,
1672 3113 1751 3166 quam
1769 3114 1784 3148 a
1808 3094 1964 3148 nocentibus

375 3191 487 3254 Gallice,
503 3191 561 3243 uad
578 3189 949 3258 VerweisnngdesLondes,
965 3187 1146 3242 iinnaettaes·
1197 3188 1311 3262 pessime
1337 3185 1442 3238 meritis
1466 3185 1573 3251 exigere
1597 3199 1703 3250 poenas.
1731 3179 1839 3234 Subt'uit
1862 3189 1889 3232 et
1913 3179 1965 3230 alia

367 3277 410 3344 sig
426 3271 566 3343 gertraffet
584 3271 698 3326 werden.
727 3273 809 3324 Paret
830 3272 918 3342 itaque
937 3272 1042 3336 exindo,
1057 3271 1144 3341 dupli·
1198 3270 1378 3327 confiscationi
1402 3269 1491 3332 ratior
1517 3277 1548 3320 ut
1573 3267 1675 3320 scilieet
1700 3266 1783 3328 illos,
1806 3281 1870 3335 quos
1895 3263 1963 3315 ritae

371 3375 427 3409 cern
446 3357 529 3408 adbuc
549 3355 628 3408 hodie
641 3373 750 3425 poenam
768 3355 795 3406 in
809 3373 932 3418 usuesse,
944 3371 1010 3424 «puae
1025 3355 1145 3424 Propolis
1197 3369 1223 3410 et
1251 3354 1461 3410 existimationis
1485 3353 1632 3422 periculum
1658 3352 1688 3404 in
1712 3347 1805 3404 officio
1829 3348 1964 3401 continere
2033 3343 2036 3347 ’

370 3439 465 3492 dictari
488 3440 580 3512 possit.
600 3435 762 3491 confiscatio
780 3438 933 3500 bonorum,
952 3449 980 3492 et
999 3439 1143 3508 Relrgatio.
1195 3459 1247 3494 non
1276 3449 1398 3510 poterat,
1418 3437 1573 3491 amissionis
1590 3435 1721 3489 bonorum
1739 3443 1825 3487 meins
1843 3440 1963 3494 terreret,

369 3527 410 3580 De
430 3523 574 3596 posteriori
599 3539 685 3593 poena
711 3531 799 3574 actum
820 3523 848 3575 in
868 3522 1038 3592 praecedenti
1057 3526 1144 3594 capite
1195 3525 1263 3597 quod
1282 3527 1415 3594 eleganter
1433 3521 1541 3574 deducit
1559 3519 1704 3574 pereurid
1721 3519 1761 3572 tit.
1776 3515 1885 3574 Codde
1899 3517 1962 3567 bon.

371 3619 425 3672 est;
448 3609 486 3660 De
506 3607 591 3678 priori
610 3615 698 3658 antem
713 3643 720 3668 ,
738 3603 927 3658 confiscatione
948 3607 1078 3661 nimirum
1097 3609 1143 3662 bo·
1195 3610 1289 3665 donin.
1310 3629 1336 3662 ιι.
1361 3619 1402 3658 21.
1729 3655 1735 3664 ,

368 3710 471 3754 norom,
492 3691 535 3744 hic
554 3689 680 3759 quaedam
699 3698 779 3741 erunt
797 3687 991 3758 subjungenda.
1227 3694 1299 3766 Quid
1318 3693 1397 3746 bodie
1414 3692 1482 3761 juris
1501 3691 1553 3753 sit,
1581 3691 1621 3744 bn
1640 3685 1802 3742 Confiscatio
1828 3686 1960 3738 bonorum
1997 3700 2012 3753 7

405 3777 453 3830 Est
471 3785 557 3830 antem
583 3771 746 3826 Coufiscatio
769 3773 922 3838 bonorum,
946 3774 1050 3845 quando
1075 3777 1142 3829 bona
1193 3784 1269 3853 plane
1287 3779 1404 3842 sublata,
1418 3778 1464 3829 bic
1481 3775 1585 3829 ridetur
1603 3773 1768 3844 quaestionis
1779 3787 1836 3824 esse
1849 3767 1860 3820 i
1875 3771 1906 3822 ln
1920 3767 1962 3819 di·

372 3861 483 3928 ol'tcuiut
508 3869 617 3930 propiet
642 3857 769 3912 delicium
788 3857 959 3912 wmmissswss
974 3897 981 3924 s
999 3871 1059 3930 pust
1077 3880 1140 3912 eon-
1194 3881 1281 3920 rersas
1300 3885 1313 3916 a
1334 3862 1386 3915 Dd.
1406 3863 1474 3914 itum
1495 3869 1583 3932 partes
1602 3869 1651 3914 est.
1666 3857 1819 3912 Concedunt
1830 3871 1885 3907 eam
1901 3853 1958 3916 alii,

373 3943 572 3996 demntiiffltem
587 3943 616 3994 51¹
628 3941 735 3996 Fiscum
755 3941 926 4008 redlgffltiffl'·
953 3960 1010 4011 ⁰78·
1028 3945 1045 3994 1·
1069 3941 1140 4010 ¹·ffi
1192 3950 1254 4012 alii,
1273 3947 1327 4000 nisi
1343 3945 1499 3999 incrimine
1517 3945 1677 4012 Maiestatis,
1693 3959 1754 3995 non.
1769 3937 1839 3992 Coni
1852 3937 1962 4004 llcgner.

369 4029 403 4081 de
422 4027 484 4080 ⁶⁰²¹·
504 4026 628 4079 deinum.
648 4026 666 4076 l.
687 4022 761 4092 ³ff
790 4025 822 4076 de
849 4023 913 4077 14014·
938 4043 994 4078 eor.
1018 4029 1066 4099 qui
1092 4041 1140 4082 aar
1193 4033 1316 4091 statinus
1335 4033 1366 4086 de
1389 4031 1512 4100 Regalib.
1533 4031 1550 4081 l.
1572 4041 1595 4080 a.
1609 4046 1632 4082 e.
1655 4039 1695 4081 rr.
1712 4046 1739 4079 ιι.
1753 4037 1795 4078 ss.
1817 4019 1911 4074 libat.
1930 4019 1963 4071 de

370 4121 441 4165 sent.
461 4109 647 4164 calcium.
663 4111 749 4163 Iarid.
767 4109 817 4162 snb
836 4127 897 4162 ooce
913 4109 1137 4180 confiscaresi-
1192 4124 1285 4174 (ΒΜΓ.
1311 4117 1329 4168 ι.
1358 4126 1382 4167 2.
1406 4135 1428 4168 ο.
1455 4125 1513 4167 iro.
1539 4113 1586 4184 qui
1613 4111 1716 4164 ibidem
1745 4107 1875 4162 Autbores
1899 4104 1962 4156 citat

370 4213 400 4248 re
419 4195 512 4250 latius:
532 4194 702 4267 confiscatio
717 4204 757 4248 est
770 4203 866 4257 actus,
887 4212 939 4265 quo
960 4195 1034 4248 tono
1054 4196 1081 4250 in
1091 4196 1136 4269 fi·
1190 4201 1345 4264 acervatim,
1365 4207 1516 4252 asserentes
1534 4195 1629 4261 hodie,
1647 4195 1702 4248 nisi
1720 4196 1750 4246 in
1769 4191 1890 4244 Crimine
1906 4189 1961 4238 lila-

366 4295 441 4334 scum
471 4278 650 4352 rediguntur,
676 4279 717 4331 uti
741 4277 870 4331 describit
892 4279 944 4331 Dn.
964 4281 1083 4335 Richter.
1103 4287 1142 4338 od
1190 4287 1305 4354 jestatis,
1320 4301 1368 4355 per
1382 4292 1467 4336 totum
1482 4281 1609 4333 mundum
1624 4279 1775 4348 abrogatam
1795 4290 1851 4326 esse
1871 4267 1962 4324 cetiu-

370 4365 456 4417 Aust.
475 4365 593 4418 incestos
612 4363 644 4417 C.
664 4360 887 4432 deincesaaapt.
902 4361 993 4416 Fiscus
1008 4368 1139 4421 autemin
1190 4371 1344 4424 scarionem.
1365 4365 1554 4422 Dissentiendi
1573 4381 1678 4418 causam
1697 4375 1774 4433 atque
1794 4379 1888 4428 ‚ansam
1913 4378 1960 4430 po·
1999 4367 2017 4417 ⁸.

368 4463 470 4516 genere
501 4447 575 4500 nihil
598 4445 672 4498 aliud
696 4457 753 4510 est,
777 4464 855 4514 qnam
888 4463 953 4499 creo
985 4451 1140 4502 εοιιιιιιιιιιίι
1190 4457 1326 4509 tissimum
1346 4453 1422 4506 dedit
1440 4453 1516 4504 Νον.
1534 4461 1591 4502 tsi.
1610 4468 1633 4500 c.
1643 4447 1702 4518 fin.
1722 4457 1749 4500 et
1766 4443 1829 4498 inde
1840 4444 1872 4496 ab
1885 4445 1958 4495 lrne·

364 4533 443 4603 MP·
462 4529 855 4602 ⁰⁰”55M5P‘W'15al'ublfcss
876 4549 912 4582 ’ἲ
932 4531 1038 4594 mullis,
1064 4553 1137 4586 emo·
1191 4539 1233 4591 rio
1252 4538 1390 4608 desumpta
1405 4535 1491 4587 Auiti.
1509 4535 1593 4586 Bona
1607 4531 1840 4586 damnatoramC.
1854 4529 1887 4580 de
1898 4529 1959 4580 hoa.

365 4615 494 4672 tumentis
511 4613 729 4681 successionum,
749 4613 829 4667 donis
849 4614 1008 4666 vacantibus
1028 4625 1056 4667 et
1075 4617 1138 4670 aliis
1188 4623 1330 4693 proscript.
1345 4620 1463 4688 decajus
1475 4619 1599 4672 Norellae
1617 4635 1676 4672 rero
1695 4635 1724 4670 ac
1743 4635 1806 4670 sano
1826 4615 1963 4667 intellectu

365 4709 415 4752 etc.
441 4699 610 4753 describente
636 4701 690 4752 Dn.
710 4698 799 4752 llahn.
823 4698 929 4751 atsere.
951 4699 989 4750 od
1012 4702 1134 4753 ll'eseab.
1190 4725 1242 4762 non
1262 4715 1398 4766 constare,
1418 4705 1516 4756 asserit
1532 4703 1624 4756 Bocer.
1646 4705 1691 4754 Tr.
1707 4699 1959 4767 deCriin.dlajas·t.

368 4779 408 4830 tit.
427 4777 460 4832 cie
483 4780 545 4832 Jur·
565 4779 640 4833 Fisc.
660 4800 691 4833 ιι.
714 4791 738 4830 2.
760 4783 833 4832 luter
847 4779 953 4830 Fiscum
966 4788 993 4832 et
1006 4783 1136 4836 Patricio·
1190 4810 1213 4844 c,
1232 4805 1256 4843 ³.
1271 4811 1298 4844 n.
1318 4804 1375 4844 its.
1388 4789 1475 4842 Verba
1487 4777 1574 4841 au'tem
1587 4789 1612 4840 d.
1631 4807 1654 4840 c.
1662 4785 1721 4857 fin.
1735 4787 1807 4838 Ii'ov.
1829 4794 1885 4836 ist.
1899 4783 1962 4834 bace

366 4861 442 4912 ”¹⁰⁰¹
463 4859 598 4930 l’simil'is
616 4859 785 4931 diffinglfflssi
805 4859 982 4915 ⁰⁰m¹i²¹¹¹¹i¹0¹¹
991 4883 996 4922 t
1011 4865 1079 4933 (1¹¹0d
1094 4867 1140 4918 ille
1191 4885 1269 4928 sunt:
1289 4873 1438 4930 sancimus
1456 4889 1523 4936 eos,
1544 4873 1591 4942 qui
1608 4872 1636 4924 ia
1655 4871 1815 4924 criminibus
1827 4885 1959 4920 accusan-

367 4944 404 4996 sit
425 4943 560 5012 Principis
579 4961 629 5014 qna
650 4947 805 5020 Principis;
825 4949 883 5000 lloc
909 4949 1060 5020 Principis,
1087 4973 1138 5024 qua
1190 4970 1249 5022 tur,
1269 4958 1297 5011 ἰιι
1318 4960 1416 5029 quitus
1429 4959 1513 5024 Leges
1529 4967 1643 5009 mortem
1658 4967 1707 5010 ont
1718 4952 1962 5026 praescriptionem

363 5030 475 5102 privati:
502 5029 555 5082 Du.
581 5031 671 5083 Hahn.
697 5033 737 5086 ad
765 5033 891 5088 tricent.
915 5033 956 5086 tit.
985 5035 1018 5087 de
1054 5037 1138 5108 Offic.
1189 5041 1340 5113 definiunt,
1358 5041 1385 5094 si
1408 5039 1628 5104 convincantur,
1651 5051 1699 5093 oret
1724 5041 1958 5100 coadunarentur,

364 5119 512 5170 Praeerat.
532 5117 646 5170 Caesar·
662 5117 1138 5176 InterFiscnmetiametaerarium
1191 5144 1286 5180 eorum
1305 5125 1477 5180 snbstantias
1503 5143 1558 5178 non
1574 5123 1647 5195 fieri
1671 5125 1774 5178 lacrum
1797 5119 1958 5184 lodicibus,

364 5198 467 5253 iaciunt
485 5198 678 5254 diversitatem.
699 5203 832 5257 Wesenb.
851 5202 984 5259 Peratitl.
1011 5207 1043 5258 de
1070 5210 1139 5262 Jure
1191 5220 1240 5264 orit
1256 5229 1349 5264 eorum
1369 5208 1489 5280 officiis,
1509 5210 1558 5262 sed
1573 5229 1676 5278 neque,
1695 5210 1842 5262 secundnm
1863 5214 1962 5258 veteres

364 5281 440 5334 Fisc.
461 5301 478 5334 n
513 5293 534 5334 t.
554 5293 580 5336 et
600 5281 639 5337 idi
656 5285 707 5338 Dn.
726 5287 815 5340 llabn.
839 5285 866 5339 in
895 5287 1030 5342 obserant.
1056 5291 1138 5344 Wis-
1192 5295 1293 5361 leges,
1313 5294 1395 5348 Fisco
1415 5311 1463 5347 eos
1481 5291 1617 5364 applicari
1628 5301 1677 5344 etc.
1690 5292 1771 5344 llisce
1785 5288 1870 5340 rcrliis
1884 5289 1911 5339 in
1925 5285 1958 5338 fi·
1991 5309 2010 5348 ς

364 5364 487 5418 ttnbtcb·
517 5367 578 5422 Vol.
604 5379 627 5420 2.
653 5369 758 5426 Exere.
778 5371 876 5426 aaut.
901 5384 921 5423 t·
941 5381 1036 5445 etseq.
1058 5375 1137 5430 Zoea.
1164 5426 1169 5468 Ι
1193 5394 1227 5431 ne
1252 5379 1422 5451 subjungitur
1448 5377 1590 5447 [sceptio;
1619 5375 1687 5448 quod
1708 5375 1837 5428 nimirum
1852 5372 1881 5422 in
1900 5389 1960 5425 cou-
