<?xml version="1.0" encoding="UTF-8"?>
<!DOCTYPE html PUBLIC "-//W3C//DTD XHTML 1.0 Transitional//EN"
    "http://www.w3.org/TR/xhtml1/DTD/xhtml1-transitional.dtd">
<html xmlns="http://www.w3.org/1999/xhtml" xml:lang="en" lang="en">
 <head>
  <title>
</title>
<meta http-equiv="Content-Type" content="text/html;charset=utf-8" />
  <meta name='ocr-system' content='tesseract 3.04.00' />
  <meta name='ocr-capabilities' content='ocr_page ocr_carea ocr_par ocr_line ocrx_word'/>
</head>
<body>
  <div class='ocr_page' id='page_1' title='image "./samuelisstrykii09schogoog_0162.png"; bbox 0 0 4478 6350; ppageno 0'>
   <div class='ocr_carea' id='block_1_1' title="bbox 461 519 1908 590">
    <p class='ocr_par' dir='ltr' id='par_1_1' title="bbox 461 519 1908 590">
     <span class='ocr_line' id='line_1_1' title="bbox 461 519 1908 590; baseline -0.008 -1"><span class='ocrx_word' id='word_1_1' title='bbox 461 536 514 590; x_wconf 71' lang='lat' dir='ltr'><strong>boi</strong></span> <span class='ocrx_word' id='word_1_2' title='bbox 949 525 1137 584; x_wconf 71' lang='lat' dir='ltr'><strong>DlSPll&#39;fd&#39;f·</strong></span> <span class='ocrx_word' id='word_1_3' title='bbox 1156 525 1206 582; x_wconf 77' lang='lat' dir='ltr'><strong>VI.</strong></span> <span class='ocrx_word' id='word_1_4' title='bbox 1224 522 1341 582; x_wconf 78' lang='lat' dir='ltr'>CAPUT</span> <span class='ocrx_word' id='word_1_5' title='bbox 1358 524 1405 582; x_wconf 74' lang='grc' dir='ltr'><strong>Π.</strong></span> <span class='ocrx_word' id='word_1_6' title='bbox 1855 519 1908 578; x_wconf 78' lang='lat' dir='ltr'><strong>tot</strong></span> 
     </span>
    </p>
   </div>
   <div class='ocr_carea' id='block_1_2' title="bbox 383 615 1981 1548">
    <p class='ocr_par' dir='ltr' id='par_1_2' title="bbox 383 615 1976 784">
     <span class='ocr_line' id='line_1_2' title="bbox 383 615 1976 694; baseline -0.008 -6"><span class='ocrx_word' id='word_1_7' title='bbox 383 633 429 688; x_wconf 84' lang='lat' dir='ltr'><strong>lid.</strong></span> <span class='ocrx_word' id='word_1_8' title='bbox 451 641 475 684; x_wconf 78' lang='lat'><strong>².</strong></span> <span class='ocrx_word' id='word_1_9' title='bbox 493 645 549 688; x_wconf 80' lang='lat' dir='ltr'><strong>aar.</strong></span> <span class='ocrx_word' id='word_1_10' title='bbox 571 640 632 684; x_wconf 84' lang='lat' dir='ltr'><strong>tot·</strong></span> <span class='ocrx_word' id='word_1_11' title='bbox 651 645 680 684; x_wconf 87' lang='grc' dir='ltr'><strong>ιι.</strong></span> <span class='ocrx_word' id='word_1_12' title='bbox 698 635 743 680; x_wconf 76' lang='lat' dir='ltr'><strong>st.</strong></span> <span class='ocrx_word' id='word_1_13' title='bbox 761 623 838 692; x_wconf 72' lang='lat' dir='ltr'><strong>bald.</strong></span> <span class='ocrx_word' id='word_1_14' title='bbox 856 623 887 679; x_wconf 86' lang='lat' dir='ltr'><strong>in</strong></span> <span class='ocrx_word' id='word_1_15' title='bbox 905 622 992 682; x_wconf 79' lang='lat' dir='ltr'><strong>liudr.</strong></span> <span class='ocrx_word' id='word_1_16' title='bbox 1010 623 1043 678; x_wconf 83' lang='lat' dir='ltr'><strong>G.</strong></span> <span class='ocrx_word' id='word_1_17' title='bbox 1060 619 1154 692; x_wconf 81' lang='lat' dir='ltr'><strong>defid.</strong></span> <span class='ocrx_word' id='word_1_18' title='bbox 1204 619 1319 672; x_wconf 74' lang='lat' dir='ltr'><strong>cessabit</strong></span> <span class='ocrx_word' id='word_1_19' title='bbox 1332 619 1414 676; x_wconf 84' lang='lat' dir='ltr'><strong>etiam</strong></span> <span class='ocrx_word' id='word_1_20' title='bbox 1434 616 1494 674; x_wconf 85' lang='lat' dir='ltr'><strong>falsi</strong></span> <span class='ocrx_word' id='word_1_21' title='bbox 1513 616 1629 687; x_wconf 84' lang='lat' dir='ltr'><strong>crimen,</strong></span> <span class='ocrx_word' id='word_1_22' title='bbox 1646 625 1726 692; x_wconf 82' lang='lat' dir='ltr'><strong>ptuut</strong></span> <span class='ocrx_word' id='word_1_23' title='bbox 1745 615 1773 672; x_wconf 90' lang='lat' dir='ltr'><strong>id</strong></span> <span class='ocrx_word' id='word_1_24' title='bbox 1784 618 1837 690; x_wconf 73' lang='lat' dir='ltr'><strong>jam</strong></span> <span class='ocrx_word' id='word_1_25' title='bbox 1850 619 1976 694; x_wconf 80' lang='lat' dir='ltr'><strong>seperius</strong></span> 
     </span>
     <span class='ocr_line' id='line_1_3' title="bbox 384 703 1358 784; baseline -0.014 -12"><span class='ocrx_word' id='word_1_26' title='bbox 384 719 510 772; x_wconf 81' lang='lat' dir='ltr'><strong>instrum.</strong></span> <span class='ocrx_word' id='word_1_27' title='bbox 536 733 564 768; x_wconf 79' lang='lat' dir='ltr'><strong>n·</strong></span> <span class='ocrx_word' id='word_1_28' title='bbox 590 724 633 768; x_wconf 78' lang='lat' dir='ltr'><strong>tt·</strong></span> <span class='ocrx_word' id='word_1_29' title='bbox 660 723 687 768; x_wconf 82' lang='lat' dir='ltr'><strong>et</strong></span> <span class='ocrx_word' id='word_1_30' title='bbox 708 728 784 784; x_wconf 72' lang='lat' dir='ltr'><strong>seqq·</strong></span> <span class='ocrx_word' id='word_1_31' title='bbox 803 711 850 766; x_wconf 80' lang='lat' dir='ltr'><strong>Sic</strong></span> <span class='ocrx_word' id='word_1_32' title='bbox 868 707 955 764; x_wconf 83' lang='lat' dir='ltr'><strong>socius</strong></span> <span class='ocrx_word' id='word_1_33' title='bbox 975 705 1105 764; x_wconf 72' lang='lat' dir='ltr'><strong>abradens</strong></span> <span class='ocrx_word' id='word_1_34' title='bbox 1121 707 1155 758; x_wconf 91' lang='lat' dir='ltr'><strong>li·</strong></span> <span class='ocrx_word' id='word_1_35' title='bbox 1207 703 1358 760; x_wconf 80' lang='lat' dir='ltr'><strong>deductum.</strong></span> 
     </span>
    </p>

    <p class='ocr_par' dir='ltr' id='par_1_3' title="bbox 383 785 1981 1548">
     <span class='ocr_line' id='line_1_4' title="bbox 383 785 1977 869; baseline -0.013 -12"><span class='ocrx_word' id='word_1_36' title='bbox 383 804 462 860; x_wconf 78' lang='lat' dir='ltr'><strong>trum</strong></span> <span class='ocrx_word' id='word_1_37' title='bbox 488 799 639 868; x_wconf 81' lang='lat' dir='ltr'><strong>rationum,</strong></span> <span class='ocrx_word' id='word_1_38' title='bbox 664 807 804 869; x_wconf 64' lang='lat' dir='ltr'><strong>pecuinam</strong></span> <span class='ocrx_word' id='word_1_39' title='bbox 827 794 856 847; x_wconf 91' lang='lat' dir='ltr'><strong>in</strong></span> <span class='ocrx_word' id='word_1_40' title='bbox 877 791 980 864; x_wconf 82' lang='lat' dir='ltr'><strong>judicio</strong></span> <span class='ocrx_word' id='word_1_41' title='bbox 1001 793 1042 846; x_wconf 80' lang='lat' dir='ltr'><strong>val</strong></span> <span class='ocrx_word' id='word_1_42' title='bbox 1067 807 1158 846; x_wconf 80' lang='lat' dir='ltr'><strong>coram</strong></span> <span class='ocrx_word' id='word_1_43' title='bbox 1241 787 1297 846; x_wconf 79' lang='lat' dir='ltr'><strong>llic</strong></span> <span class='ocrx_word' id='word_1_44' title='bbox 1321 788 1412 861; x_wconf 72' lang='lat' dir='ltr'><strong>itaque</strong></span> <span class='ocrx_word' id='word_1_45' title='bbox 1436 789 1521 844; x_wconf 73' lang='lat' dir='ltr'><strong>tolon</strong></span> <span class='ocrx_word' id='word_1_46' title='bbox 1546 805 1625 844; x_wconf 80' lang='lat' dir='ltr'><strong>meos</strong></span> <span class='ocrx_word' id='word_1_47' title='bbox 1641 785 1848 860; x_wconf 79' lang='lat' dir='ltr'><strong>Disputationis</strong></span> <span class='ocrx_word' id='word_1_48' title='bbox 1866 785 1977 844; x_wconf 69' lang='lat' dir='ltr'><strong>adram.</strong></span> 
     </span>
     <span class='ocr_line' id='line_1_5' title="bbox 386 870 1981 951; baseline -0.009 -11"><span class='ocrx_word' id='word_1_49' title='bbox 386 885 498 942; x_wconf 84' lang='lat' dir='ltr'><strong>arbitris</strong></span> <span class='ocrx_word' id='word_1_50' title='bbox 516 883 645 940; x_wconf 74' lang='lat' dir='ltr'><strong>tulimus</strong></span> <span class='ocrx_word' id='word_1_51' title='bbox 662 880 870 951; x_wconf 80' lang='lat' dir='ltr'><strong>estscriptnra,</strong></span> <span class='ocrx_word' id='word_1_52' title='bbox 890 893 974 948; x_wconf 82' lang='lat' dir='ltr'><strong>poena</strong></span> <span class='ocrx_word' id='word_1_53' title='bbox 991 875 1055 930; x_wconf 80' lang='lat' dir='ltr'><strong>fulsi</strong></span> <span class='ocrx_word' id='word_1_54' title='bbox 1082 885 1157 929; x_wconf 85' lang='lat' dir='ltr'><strong>tenc·</strong></span> <span class='ocrx_word' id='word_1_55' title='bbox 1205 894 1252 948; x_wconf 85' lang='lat' dir='ltr'><strong>po.</strong></span> <span class='ocrx_word' id='word_1_56' title='bbox 1276 874 1317 929; x_wconf 79' lang='lat' dir='ltr'><strong>Tu</strong></span> <span class='ocrx_word' id='word_1_57' title='bbox 1334 876 1434 932; x_wconf 79' lang='lat' dir='ltr'><em>Lector</em></span> <span class='ocrx_word' id='word_1_58' title='bbox 1451 874 1591 939; x_wconf 71' lang='lat' dir='ltr'><strong>bremme,</strong></span> <span class='ocrx_word' id='word_1_59' title='bbox 1611 870 1720 930; x_wconf 80' lang='lat' dir='ltr'><strong>reniam</strong></span> <span class='ocrx_word' id='word_1_60' title='bbox 1739 870 1809 924; x_wconf 72' lang='lat' dir='ltr'><strong>milri</strong></span> <span class='ocrx_word' id='word_1_61' title='bbox 1828 871 1928 938; x_wconf 69' lang='lat' dir='ltr'><strong>dadis,</strong></span> <span class='ocrx_word' id='word_1_62' title='bbox 1953 872 1981 926; x_wconf 85' lang='lat' dir='ltr'><strong>si</strong></span> 
     </span>
     <span class='ocr_line' id='line_1_6' title="bbox 386 955 1980 1030; baseline -0.009 -4"><span class='ocrx_word' id='word_1_63' title='bbox 386 968 622 1028; x_wconf 66' lang='lat' dir='ltr'><strong>terminumn.</strong></span> <span class='ocrx_word' id='word_1_64' title='bbox 642 977 753 1020; x_wconf 63' lang='lat' dir='ltr'><strong>attan</strong></span> <span class='ocrx_word' id='word_1_65' title='bbox 774 974 796 1018; x_wconf 89' lang='lat' dir='ltr'><strong>t.</strong></span> <span class='ocrx_word' id='word_1_66' title='bbox 816 959 1113 1018; x_wconf 74' lang='lat' dir='ltr'><strong>cerr.iarer‹tum.tto.</strong></span> <span class='ocrx_word' id='word_1_67' title='bbox 1134 967 1158 1012; x_wconf 84' lang='lat' dir='ltr'><strong>t.</strong></span> <span class='ocrx_word' id='word_1_68' title='bbox 1210 961 1263 1014; x_wconf 80' lang='lat' dir='ltr'><strong>bae</strong></span> <span class='ocrx_word' id='word_1_69' title='bbox 1280 960 1369 1014; x_wconf 82' lang='lat' dir='ltr'><strong>tlrercs</strong></span> <span class='ocrx_word' id='word_1_70' title='bbox 1383 958 1480 1029; x_wconf 84' lang='lat' dir='ltr'><strong>palato</strong></span> <span class='ocrx_word' id='word_1_71' title='bbox 1505 969 1552 1014; x_wconf 85' lang='lat' dir='ltr'><strong>tuo</strong></span> <span class='ocrx_word' id='word_1_72' title='bbox 1578 959 1670 1030; x_wconf 75' lang='lat' dir='ltr'><strong>minna</strong></span> <span class='ocrx_word' id='word_1_73' title='bbox 1692 955 1851 1020; x_wconf 74' lang='grc' dir='ltr'><em>ιιιιὶιιιίιιε,</em></span> <span class='ocrx_word' id='word_1_74' title='bbox 1878 956 1980 1028; x_wconf 75' lang='lat' dir='ltr'><strong>qnippe</strong></span> 
     </span>
     <span class='ocr_line' id='line_1_7' title="bbox 387 1039 1981 1130; baseline -0.013 -16"><span class='ocrx_word' id='word_1_75' title='bbox 387 1057 478 1114; x_wconf 76' lang='lat' dir='ltr'><strong>Faria.</strong></span> <span class='ocrx_word' id='word_1_76' title='bbox 496 1063 601 1130; x_wconf 69' lang='lat' dir='ltr'><strong>quaen·</strong></span> <span class='ocrx_word' id='word_1_77' title='bbox 624 1065 683 1109; x_wconf 82' lang='lat' dir='ltr'><strong>tto·</strong></span> <span class='ocrx_word' id='word_1_78' title='bbox 701 1070 731 1108; x_wconf 90' lang='grc' dir='ltr'><strong>ιι.</strong></span> <span class='ocrx_word' id='word_1_79' title='bbox 751 1063 813 1106; x_wconf 79' lang='lat' dir='ltr'><strong>tto.</strong></span> <span class='ocrx_word' id='word_1_80' title='bbox 824 1061 898 1122; x_wconf 78' lang='lat' dir='ltr'><strong>port.</strong></span> <span class='ocrx_word' id='word_1_81' title='bbox 916 1061 955 1103; x_wconf 82' lang='lat' dir='ltr'><strong>tt.</strong></span> <span class='ocrx_word' id='word_1_82' title='bbox 966 1051 1100 1104; x_wconf 81' lang='lat' dir='ltr'><strong>Mercator</strong></span> <span class='ocrx_word' id='word_1_83' title='bbox 1112 1047 1161 1102; x_wconf 84' lang='lat' dir='ltr'><strong>fal·</strong></span> <span class='ocrx_word' id='word_1_84' title='bbox 1212 1063 1270 1098; x_wconf 87' lang='grc' dir='ltr'><em>ιιοιι</em></span> <span class='ocrx_word' id='word_1_85' title='bbox 1289 1043 1358 1098; x_wconf 84' lang='lat' dir='ltr'><strong>doec</strong></span> <span class='ocrx_word' id='word_1_86' title='bbox 1375 1059 1436 1098; x_wconf 82' lang='lat' dir='ltr'><strong>mec</strong></span> <span class='ocrx_word' id='word_1_87' title='bbox 1458 1043 1575 1097; x_wconf 84' lang='lat' dir='ltr'><strong>intentio</strong></span> <span class='ocrx_word' id='word_1_88' title='bbox 1595 1041 1681 1112; x_wconf 83' lang='lat' dir='ltr'><strong>suit,</strong></span> <span class='ocrx_word' id='word_1_89' title='bbox 1705 1040 1821 1110; x_wconf 83' lang='lat' dir='ltr'><strong>politam</strong></span> <span class='ocrx_word' id='word_1_90' title='bbox 1850 1039 1981 1098; x_wconf 59' lang='lat' dir='ltr'><strong>atita·</strong></span> 
     </span>
     <span class='ocr_line' id='line_1_8' title="bbox 388 1122 1977 1206; baseline -0.014 -4"><span class='ocrx_word' id='word_1_91' title='bbox 388 1141 496 1206; x_wconf 71' lang='lat' dir='ltr'><strong>riticius</strong></span> <span class='ocrx_word' id='word_1_92' title='bbox 514 1141 613 1198; x_wconf 88' lang='lat' dir='ltr'><strong>librum</strong></span> <span class='ocrx_word' id='word_1_93' title='bbox 627 1140 762 1195; x_wconf 87' lang='lat' dir='ltr'><strong>rationum</strong></span> <span class='ocrx_word' id='word_1_94' title='bbox 775 1137 809 1190; x_wconf 85' lang='lat' dir='ltr'><strong>dc</strong></span> <span class='ocrx_word' id='word_1_95' title='bbox 827 1138 885 1206; x_wconf 87' lang='lat' dir='ltr'><strong>jure</strong></span> <span class='ocrx_word' id='word_1_96' title='bbox 897 1135 1037 1190; x_wconf 81' lang='lat' dir='ltr'><strong>statutario</strong></span> <span class='ocrx_word' id='word_1_97' title='bbox 1048 1135 1090 1190; x_wconf 82' lang='lat' dir='ltr'><strong>rel</strong></span> <span class='ocrx_word' id='word_1_98' title='bbox 1099 1149 1162 1188; x_wconf 86' lang='lat' dir='ltr'><strong>oon·</strong></span> <span class='ocrx_word' id='word_1_99' title='bbox 1210 1127 1455 1193; x_wconf 59' lang='lat' dir='ltr'><strong>Dissertationum</strong></span> <span class='ocrx_word' id='word_1_100' title='bbox 1473 1127 1522 1181; x_wconf 82' lang='lat' dir='ltr'><strong>scd</strong></span> <span class='ocrx_word' id='word_1_101' title='bbox 1539 1126 1664 1182; x_wconf 62' lang='lat' dir='ltr'><strong>merendi</strong></span> <span class='ocrx_word' id='word_1_102' title='bbox 1679 1125 1774 1180; x_wconf 71' lang='lat' dir='ltr'><strong>anieno</strong></span> <span class='ocrx_word' id='word_1_103' title='bbox 1792 1133 1819 1178; x_wconf 82' lang='lat' dir='ltr'><strong>et</strong></span> <span class='ocrx_word' id='word_1_104' title='bbox 1836 1122 1977 1192; x_wconf 75' lang='lat' dir='ltr'><strong>ingenium</strong></span> 
     </span>
     <span class='ocr_line' id='line_1_9' title="bbox 391 1209 1978 1298; baseline -0.016 -11"><span class='ocrx_word' id='word_1_105' title='bbox 391 1227 534 1287; x_wconf 74' lang='lat' dir='ltr'><strong>merueras</strong></span> <span class='ocrx_word' id='word_1_106' title='bbox 550 1223 663 1298; x_wconf 86' lang='lat' dir='ltr'><strong>punitor</strong></span> <span class='ocrx_word' id='word_1_107' title='bbox 681 1222 716 1276; x_wconf 88' lang='lat' dir='ltr'><strong>de</strong></span> <span class='ocrx_word' id='word_1_108' title='bbox 733 1220 819 1285; x_wconf 84' lang='lat' dir='ltr'><strong>falso,</strong></span> <span class='ocrx_word' id='word_1_109' title='bbox 837 1219 928 1273; x_wconf 75' lang='lat' dir='ltr'><strong>Parin.</strong></span> <span class='ocrx_word' id='word_1_110' title='bbox 954 1219 982 1273; x_wconf 86' lang='lat' dir='ltr'><strong>d.</strong></span> <span class='ocrx_word' id='word_1_111' title='bbox 1007 1227 1109 1292; x_wconf 80' lang='lat' dir='ltr'><strong>quaeat.</strong></span> <span class='ocrx_word' id='word_1_112' title='bbox 1133 1235 1162 1270; x_wconf 89' lang='lat' dir='ltr'><strong>n.</strong></span> <span class='ocrx_word' id='word_1_113' title='bbox 1211 1211 1361 1268; x_wconf 70' lang='lat' dir='ltr'><strong>coemendi</strong></span> <span class='ocrx_word' id='word_1_114' title='bbox 1374 1231 1406 1266; x_wconf 82' lang='lat' dir='ltr'><strong>ec</strong></span> <span class='ocrx_word' id='word_1_115' title='bbox 1423 1227 1484 1266; x_wconf 84' lang='lat' dir='ltr'><strong>rum</strong></span> <span class='ocrx_word' id='word_1_116' title='bbox 1504 1213 1653 1273; x_wconf 68' lang='grc' dir='ltr'><strong>αᾰάιιιιιιις</strong></span> <span class='ocrx_word' id='word_1_117' title='bbox 1671 1211 1735 1264; x_wconf 83' lang='lat' dir='ltr'><strong>trine</strong></span> <span class='ocrx_word' id='word_1_118' title='bbox 1752 1209 1835 1274; x_wconf 83' lang='lat' dir='ltr'><strong>milri,</strong></span> <span class='ocrx_word' id='word_1_119' title='bbox 1855 1218 1885 1262; x_wconf 86' lang='lat' dir='ltr'><strong>nt</strong></span> <span class='ocrx_word' id='word_1_120' title='bbox 1897 1209 1978 1280; x_wconf 78' lang='lat' dir='ltr'><strong>juro·</strong></span> 
     </span>
     <span class='ocr_line' id='line_1_10' title="bbox 395 1293 1980 1384; baseline -0.012 -15"><span class='ocrx_word' id='word_1_121' title='bbox 395 1327 458 1370; x_wconf 81' lang='lat' dir='ltr'><strong>art.</strong></span> <span class='ocrx_word' id='word_1_122' title='bbox 476 1307 692 1384; x_wconf 63' lang='lat' dir='ltr'><strong>nodomarium,</strong></span> <span class='ocrx_word' id='word_1_123' title='bbox 710 1323 775 1378; x_wconf 84' lang='lat' dir='ltr'><strong>quac</strong></span> <span class='ocrx_word' id='word_1_124' title='bbox 787 1305 821 1359; x_wconf 85' lang='lat' dir='ltr'><strong>do</strong></span> <span class='ocrx_word' id='word_1_125' title='bbox 833 1304 964 1376; x_wconf 84' lang='lat' dir='ltr'><strong>scriptura</strong></span> <span class='ocrx_word' id='word_1_126' title='bbox 978 1302 1079 1374; x_wconf 82' lang='lat' dir='ltr'><strong>privata</strong></span> <span class='ocrx_word' id='word_1_127' title='bbox 1091 1300 1163 1356; x_wconf 84' lang='lat' dir='ltr'><strong>‹lixi-</strong></span> <span class='ocrx_word' id='word_1_128' title='bbox 1212 1296 1246 1352; x_wconf 87' lang='lat' dir='ltr'><strong>ni</strong></span> <span class='ocrx_word' id='word_1_129' title='bbox 1259 1295 1387 1353; x_wconf 80' lang='lat' dir='ltr'><strong>discendi</strong></span> <span class='ocrx_word' id='word_1_130' title='bbox 1402 1295 1508 1366; x_wconf 83' lang='lat' dir='ltr'><strong>cupido,</strong></span> <span class='ocrx_word' id='word_1_131' title='bbox 1525 1295 1552 1348; x_wconf 82' lang='lat' dir='ltr'><strong>si</strong></span> <span class='ocrx_word' id='word_1_132' title='bbox 1569 1297 1666 1365; x_wconf 80' lang='lat' dir='ltr'><strong>lapsus</strong></span> <span class='ocrx_word' id='word_1_133' title='bbox 1683 1295 1735 1350; x_wconf 84' lang='lat' dir='ltr'><strong>sim</strong></span> <span class='ocrx_word' id='word_1_134' title='bbox 1754 1294 1784 1348; x_wconf 86' lang='grc' dir='ltr'><strong>ιἰι</strong></span> <span class='ocrx_word' id='word_1_135' title='bbox 1798 1293 1980 1359; x_wconf 64' lang='lat' dir='ltr'><strong>terminetis</strong></span> 
     </span>
     <span class='ocr_line' id='line_1_11' title="bbox 393 1377 1980 1465; baseline -0.013 -9"><span class='ocrx_word' id='word_1_136' title='bbox 393 1415 467 1465; x_wconf 82' lang='lat' dir='ltr'><strong>rous,</strong></span> <span class='ocrx_word' id='word_1_137' title='bbox 485 1397 535 1454; x_wconf 80' lang='lat' dir='ltr'><strong>bac</strong></span> <span class='ocrx_word' id='word_1_138' title='bbox 551 1393 657 1451; x_wconf 84' lang='lat' dir='ltr'><strong>ratione</strong></span> <span class='ocrx_word' id='word_1_139' title='bbox 674 1389 830 1452; x_wconf 82' lang='lat' dir='ltr'><strong>limitanda,</strong></span> <span class='ocrx_word' id='word_1_140' title='bbox 848 1389 904 1443; x_wconf 86' lang='lat' dir='ltr'><strong>nisi</strong></span> <span class='ocrx_word' id='word_1_141' title='bbox 917 1388 1049 1460; x_wconf 80' lang='lat' dir='ltr'><strong>scriptura</strong></span> <span class='ocrx_word' id='word_1_142' title='bbox 1062 1387 1163 1440; x_wconf 87' lang='lat' dir='ltr'><strong>sitnon</strong></span> <span class='ocrx_word' id='word_1_143' title='bbox 1214 1383 1402 1448; x_wconf 70' lang='lat' dir='ltr'><strong>Academicis,</strong></span> <span class='ocrx_word' id='word_1_144' title='bbox 1427 1379 1535 1436; x_wconf 81' lang='lat' dir='ltr'><strong>reniam</strong></span> <span class='ocrx_word' id='word_1_145' title='bbox 1554 1399 1612 1434; x_wconf 86' lang='lat' dir='ltr'><strong>non</strong></span> <span class='ocrx_word' id='word_1_146' title='bbox 1631 1379 1793 1449; x_wconf 68' lang='lat' dir='ltr'><strong>denegatis,</strong></span> <span class='ocrx_word' id='word_1_147' title='bbox 1810 1381 1860 1436; x_wconf 79' lang='lat' dir='ltr'><strong>sat</strong></span> <span class='ocrx_word' id='word_1_148' title='bbox 1882 1377 1980 1436; x_wconf 75' lang='lat' dir='ltr'><strong>omnio</strong></span> 
     </span>
     <span class='ocr_line' id='line_1_12' title="bbox 397 1465 1712 1548; baseline -0.015 -9"><span class='ocrx_word' id='word_1_149' title='bbox 397 1482 489 1538; x_wconf 77' lang='lat' dir='ltr'><strong>accim</strong></span> <span class='ocrx_word' id='word_1_150' title='bbox 504 1517 513 1548; x_wconf 90' lang='lat'><strong>,</strong></span> <span class='ocrx_word' id='word_1_151' title='bbox 531 1480 574 1536; x_wconf 81' lang='lat' dir='ltr'><strong>rel</strong></span> <span class='ocrx_word' id='word_1_152' title='bbox 591 1475 695 1532; x_wconf 84' lang='lat' dir='ltr'><strong>nemini</strong></span> <span class='ocrx_word' id='word_1_153' title='bbox 706 1472 899 1546; x_wconf 80' lang='lat' dir='ltr'><strong>praejudicium</strong></span> <span class='ocrx_word' id='word_1_154' title='bbox 914 1473 1027 1529; x_wconf 80' lang='lat' dir='ltr'><strong>afferens</strong></span> <span class='ocrx_word' id='word_1_155' title='bbox 1037 1472 1121 1541; x_wconf 76' lang='lat' dir='ltr'><strong>gloss.</strong></span> <span class='ocrx_word' id='word_1_156' title='bbox 1134 1469 1163 1522; x_wconf 87' lang='lat' dir='ltr'><strong>in</strong></span> <span class='ocrx_word' id='word_1_157' title='bbox 1214 1469 1244 1523; x_wconf 86' lang='lat' dir='ltr'><strong>in</strong></span> <span class='ocrx_word' id='word_1_158' title='bbox 1263 1469 1404 1524; x_wconf 78' lang='lat' dir='ltr'><strong>meliorem</strong></span> <span class='ocrx_word' id='word_1_159' title='bbox 1421 1477 1527 1539; x_wconf 79' lang='lat' dir='ltr'><strong>partem</strong></span> <span class='ocrx_word' id='word_1_160' title='bbox 1547 1465 1712 1538; x_wconf 68' lang='lat' dir='ltr'><strong>explicabis.</strong></span> 
     </span>
    </p>
   </div>
   <div class='ocr_carea' id='block_1_3' title="bbox 395 1553 1796 1711">
    <p class='ocr_par' dir='ltr' id='par_1_4' title="bbox 395 1553 1796 1711">
     <span class='ocr_line' id='line_1_13' title="bbox 395 1553 1556 1632; baseline -0.016 -13"><span class='ocrx_word' id='word_1_161' title='bbox 395 1567 417 1632; x_wconf 84' lang='grc' dir='ltr'><strong>Ι1.</strong></span> <span class='ocrx_word' id='word_1_162' title='bbox 436 1567 543 1620; x_wconf 81' lang='lat' dir='ltr'><strong>damus.</strong></span> <span class='ocrx_word' id='word_1_163' title='bbox 558 1578 626 1620; x_wconf 74' lang='lat' dir='ltr'><strong>een·</strong></span> <span class='ocrx_word' id='word_1_164' title='bbox 638 1558 810 1632; x_wconf 62' lang='lat' dir='ltr'><strong>navarrae.</strong></span> <span class='ocrx_word' id='word_1_165' title='bbox 819 1559 894 1616; x_wconf 76' lang='lat' dir='ltr'><strong>adl·</strong></span> <span class='ocrx_word' id='word_1_166' title='bbox 905 1558 991 1613; x_wconf 83' lang='lat' dir='ltr'><strong>com.</strong></span> <span class='ocrx_word' id='word_1_167' title='bbox 1002 1553 1111 1624; x_wconf 77' lang='lat' dir='ltr'><strong>desole.</strong></span> <span class='ocrx_word' id='word_1_168' title='bbox 1120 1553 1166 1606; x_wconf 85' lang='lat' dir='ltr'><strong>Sic</strong></span> <span class='ocrx_word' id='word_1_169' title='bbox 1554 1595 1556 1601; x_wconf 81' lang='grc'>,</span> 
     </span>
     <span class='ocr_line' id='line_1_14' title="bbox 398 1632 1796 1711; baseline -0.021 -6"><span class='ocrx_word' id='word_1_170' title='bbox 398 1649 472 1704; x_wconf 81' lang='lat' dir='ltr'><strong>enirn</strong></span> <span class='ocrx_word' id='word_1_171' title='bbox 490 1645 626 1704; x_wconf 72' lang='lat' dir='ltr'><strong>obtinebit</strong></span> <span class='ocrx_word' id='word_1_172' title='bbox 644 1643 690 1697; x_wconf 88' lang='lat' dir='ltr'><strong>illa</strong></span> <span class='ocrx_word' id='word_1_173' title='bbox 708 1641 817 1711; x_wconf 90' lang='lat' dir='ltr'><strong>opinio,</strong></span> <span class='ocrx_word' id='word_1_174' title='bbox 834 1657 901 1710; x_wconf 83' lang='lat' dir='ltr'><strong>quae</strong></span> <span class='ocrx_word' id='word_1_175' title='bbox 919 1655 953 1692; x_wconf 81' lang='lat' dir='ltr'><strong>ex</strong></span> <span class='ocrx_word' id='word_1_176' title='bbox 969 1635 1113 1694; x_wconf 68' lang='lat' dir='ltr'><strong>cestrensi</strong></span> <span class='ocrx_word' id='word_1_177' title='bbox 1123 1655 1167 1690; x_wconf 85' lang='lat' dir='ltr'><strong>su·</strong></span> <span class='ocrx_word' id='word_1_178' title='bbox 1462 1635 1541 1693; x_wconf 74' lang='lat' dir='ltr'><strong>sou</strong></span> <span class='ocrx_word' id='word_1_179' title='bbox 1560 1633 1633 1690; x_wconf 84' lang='grc' dir='ltr'><strong>1)Εο</strong></span> <span class='ocrx_word' id='word_1_180' title='bbox 1651 1632 1796 1688; x_wconf 67' lang='lat' dir='ltr'><strong>omnm,</strong></span> 
     </span>
    </p>
   </div>
   <div class='ocr_carea' id='block_1_4' title="bbox 397 1720 1166 1807">
    <p class='ocr_par' dir='ltr' id='par_1_5' title="bbox 397 1720 1166 1807">
     <span class='ocr_line' id='line_1_15' title="bbox 397 1720 1166 1807; baseline -0.02 -17"><span class='ocrx_word' id='word_1_181' title='bbox 397 1733 489 1807; x_wconf 80' lang='lat' dir='ltr'><strong>petius</strong></span> <span class='ocrx_word' id='word_1_182' title='bbox 506 1732 638 1796; x_wconf 81' lang='lat' dir='ltr'><strong>adducta,</strong></span> <span class='ocrx_word' id='word_1_183' title='bbox 657 1736 685 1782; x_wconf 88' lang='lat' dir='ltr'><strong>et</strong></span> <span class='ocrx_word' id='word_1_184' title='bbox 703 1735 812 1799; x_wconf 84' lang='lat' dir='ltr'><strong>propter</strong></span> <span class='ocrx_word' id='word_1_185' title='bbox 831 1732 1021 1778; x_wconf 74' lang='lat' dir='ltr'><strong>nocumentum</strong></span> <span class='ocrx_word' id='word_1_186' title='bbox 1043 1720 1166 1790; x_wconf 79' lang='lat' dir='ltr'><strong>ulterius,</strong></span> 
     </span>
    </p>
   </div>
   <div class='ocr_carea' id='block_1_5' title="bbox 887 1895 1514 2120">
    <p class='ocr_par' dir='ltr' id='par_1_6' title="bbox 887 1895 1514 2120">
     <span class='ocr_line' id='line_1_16' title="bbox 887 1895 1514 1972; baseline -0.003 0"><span class='ocrx_word' id='word_1_187' title='bbox 887 1895 1227 1972; x_wconf 76' lang='lat' dir='ltr'><strong>nlsrtt&#39;rnnto</strong></span> <span class='ocrx_word' id='word_1_188' title='bbox 1271 1895 1514 1972; x_wconf 79' lang='lat' dir='ltr'><strong>SEPTIMA</strong></span> 
     </span>
     <span class='ocr_line' id='line_1_17' title="bbox 1159 2065 1226 2120; baseline 0.03 -2"><span class='ocrx_word' id='word_1_189' title='bbox 1159 2065 1185 2118; x_wconf 87' lang='lat' dir='ltr'><strong>n</strong></span> <span class='ocrx_word' id='word_1_190' title='bbox 1203 2067 1226 2120; x_wconf 83' lang='lat' dir='ltr'><strong>a</strong></span> 
     </span>
    </p>
   </div>
   <div class='ocr_carea' id='block_1_6' title="bbox 689 2211 1698 2370">
    <p class='ocr_par' dir='ltr' id='par_1_7' title="bbox 689 2211 1698 2370">
     <span class='ocr_line' id='line_1_18' title="bbox 689 2211 1698 2370; baseline 0.002 -36"><span class='ocrx_word' id='word_1_191' title='bbox 689 2214 1172 2370; x_wconf 79' lang='lat' dir='ltr'><strong>annuento</strong></span> <span class='ocrx_word' id='word_1_192' title='bbox 1240 2211 1698 2340; x_wconf 78' lang='lat' dir='ltr'><strong>euoenon</strong></span> 
     </span>
    </p>
   </div>
   <div class='ocr_carea' id='block_1_7' title="bbox 945 2415 1420 2482">
    <p class='ocr_par' dir='ltr' id='par_1_8' title="bbox 945 2415 1420 2482">
     <span class='ocr_line' id='line_1_19' title="bbox 945 2415 1420 2482; baseline 0.002 -1"><span class='ocrx_word' id='word_1_193' title='bbox 945 2439 999 2482; x_wconf 84' lang='lat' dir='ltr'><strong>nra</strong></span> <span class='ocrx_word' id='word_1_194' title='bbox 1024 2415 1054 2482; x_wconf 79' lang='lat'><strong>3.</strong></span> <span class='ocrx_word' id='word_1_195' title='bbox 1080 2437 1138 2482; x_wconf 77' lang='lat' dir='ltr'><strong>uss</strong></span> <span class='ocrx_word' id='word_1_196' title='bbox 1164 2437 1246 2482; x_wconf 80' lang='lat' dir='ltr'><strong>rano</strong></span> <span class='ocrx_word' id='word_1_197' title='bbox 1269 2437 1420 2482; x_wconf 80' lang='lat' dir='ltr'><strong>uncnxrr.</strong></span> 
     </span>
    </p>
   </div>
   <div class='ocr_carea' id='block_1_8' title="bbox 1032 2589 1367 2633">
    <p class='ocr_par' dir='ltr' id='par_1_9' title="bbox 1032 2589 1367 2633">
     <span class='ocr_line' id='line_1_20' title="bbox 1032 2589 1367 2633; baseline 0 -1"><span class='ocrx_word' id='word_1_198' title='bbox 1032 2589 1367 2633; x_wconf 72' lang='grc' dir='ltr'>ΗΗΗΗΝΗ</span> 
     </span>
    </p>
   </div>
   <div class='ocr_carea' id='block_1_9' title="bbox 838 2714 1555 2939">
    <p class='ocr_par' dir='ltr' id='par_1_10' title="bbox 838 2714 1555 2939">
     <span class='ocr_line' id='line_1_21' title="bbox 838 2714 1555 2805; baseline 0 -20"><span class='ocrx_word' id='word_1_199' title='bbox 838 2717 1177 2788; x_wconf 81' lang='lat' dir='ltr'><strong>aanrrnrn</strong></span> <span class='ocrx_word' id='word_1_200' title='bbox 1224 2714 1555 2805; x_wconf 80' lang='lat' dir='ltr'><strong>consenc,</strong></span> 
     </span>
     <span class='ocr_line' id='line_1_22' title="bbox 993 2877 1409 2939; baseline 0.019 -9"><span class='ocrx_word' id='word_1_201' title='bbox 993 2877 1204 2939; x_wconf 74' lang='lat' dir='ltr'><strong>reducor.</strong></span> <span class='ocrx_word' id='word_1_202' title='bbox 1240 2881 1409 2938; x_wconf 74' lang='lat' dir='ltr'>MARCH.</span> 
     </span>
    </p>
   </div>
   <div class='ocr_carea' id='block_1_10' title="bbox 948 3073 1446 3116">
    <p class='ocr_par' dir='ltr' id='par_1_11' title="bbox 948 3073 1446 3116">
     <span class='ocr_line' id='line_1_23' title="bbox 948 3073 1446 3116; baseline -0.008 -8"><span class='ocrx_word' id='word_1_203' title='bbox 948 3073 1446 3116; x_wconf 43' lang='lat' dir='ltr'><strong>d*—</strong></span> 
     </span>
    </p>
   </div>
   <div class='ocr_carea' id='block_1_11' title="bbox 985 3271 1413 3342">
    <p class='ocr_par' dir='ltr' id='par_1_12' title="bbox 985 3271 1413 3342">
     <span class='ocr_line' id='line_1_24' title="bbox 985 3271 1413 3342; baseline -0.009 0"><span class='ocrx_word' id='word_1_204' title='bbox 985 3274 1018 3342; x_wconf 92' lang='grc' dir='ltr'><strong>Ι.</strong></span> <span class='ocrx_word' id='word_1_205' title='bbox 1056 3271 1100 3340; x_wconf 82' lang='grc' dir='ltr'><strong>Ν.</strong></span> <span class='ocrx_word' id='word_1_206' title='bbox 1136 3271 1185 3338; x_wconf 89' lang='lat' dir='ltr'><strong>D.</strong></span> <span class='ocrx_word' id='word_1_207' title='bbox 1220 3271 1265 3338; x_wconf 87' lang='grc' dir='ltr'><strong>Ν.</strong></span> <span class='ocrx_word' id='word_1_208' title='bbox 1303 3271 1333 3340; x_wconf 89' lang='grc' dir='ltr'><strong>Ι.</strong></span> <span class='ocrx_word' id='word_1_209' title='bbox 1373 3273 1413 3341; x_wconf 89' lang='lat' dir='ltr'><strong>C.</strong></span> 
     </span>
    </p>
   </div>
   <div class='ocr_carea' id='block_1_12' title="bbox 412 3454 2001 4142">
    <p class='ocr_par' dir='ltr' id='par_1_13' title="bbox 412 3454 2001 4142">
     <span class='ocr_line' id='line_1_25' title="bbox 414 3454 1989 3623; baseline -0.006 -21"><span class='ocrx_word' id='word_1_210' title='bbox 414 3454 586 3623; x_wconf 77' lang='lat' dir='ltr'><strong>Ansam</strong></span> <span class='ocrx_word' id='word_1_211' title='bbox 610 3546 641 3598; x_wconf 89' lang='lat' dir='ltr'><strong>et</strong></span> <span class='ocrx_word' id='word_1_212' title='bbox 670 3530 869 3597; x_wconf 77' lang='lat' dir='ltr'>occasionem</span> <span class='ocrx_word' id='word_1_213' title='bbox 899 3527 942 3595; x_wconf 86' lang='lat' dir='ltr'><strong>ad</strong></span> <span class='ocrx_word' id='word_1_214' title='bbox 972 3525 1203 3593; x_wconf 86' lang='lat' dir='ltr'><strong>ventilandum</strong></span> <span class='ocrx_word' id='word_1_215' title='bbox 1237 3527 1416 3618; x_wconf 69' lang='lat' dir='ltr'><strong>positiones</strong></span> <span class='ocrx_word' id='word_1_216' title='bbox 1443 3541 1618 3621; x_wconf 83' lang='lat' dir='ltr'><strong>sequentes</strong></span> <span class='ocrx_word' id='word_1_217' title='bbox 1646 3527 1724 3594; x_wconf 84' lang='lat' dir='ltr'><strong>ontis</strong></span> <span class='ocrx_word' id='word_1_218' title='bbox 1751 3526 1879 3594; x_wconf 87' lang='lat' dir='ltr'><strong>tristem</strong></span> <span class='ocrx_word' id='word_1_219' title='bbox 1907 3554 1989 3622; x_wconf 90' lang='lat' dir='ltr'><strong>snp-</strong></span> 
     </span>
     <span class='ocr_line' id='line_1_26' title="bbox 412 3617 1989 3722; baseline -0.006 -28"><span class='ocrx_word' id='word_1_220' title='bbox 412 3625 575 3722; x_wconf 85' lang='lat' dir='ltr'><strong>peditavit</strong></span> <span class='ocrx_word' id='word_1_221' title='bbox 601 3623 697 3690; x_wconf 88' lang='lat' dir='ltr'><strong>nobis</strong></span> <span class='ocrx_word' id='word_1_222' title='bbox 720 3619 918 3688; x_wconf 78' lang='lat' dir='ltr'><strong>Incendium</strong></span> <span class='ocrx_word' id='word_1_223' title='bbox 942 3618 1030 3686; x_wconf 89' lang='lat' dir='ltr'><strong>illud</strong></span> <span class='ocrx_word' id='word_1_224' title='bbox 1054 3617 1276 3696; x_wconf 89' lang='lat' dir='ltr'><strong>horrendum,</strong></span> <span class='ocrx_word' id='word_1_225' title='bbox 1329 3617 1393 3682; x_wconf 89' lang='lat' dir='ltr'><strong>nod</strong></span> <span class='ocrx_word' id='word_1_226' title='bbox 1419 3617 1474 3684; x_wconf 90' lang='lat' dir='ltr'><strong>die</strong></span> <span class='ocrx_word' id='word_1_227' title='bbox 1499 3621 1532 3686; x_wconf 89' lang='grc'><strong>5.</strong></span> <span class='ocrx_word' id='word_1_228' title='bbox 1549 3619 1755 3710; x_wconf 68' lang='lat' dir='ltr'><strong>Septembris</strong></span> <span class='ocrx_word' id='word_1_229' title='bbox 1780 3619 1872 3686; x_wconf 81' lang='lat' dir='ltr'><strong>Anni</strong></span> <span class='ocrx_word' id='word_1_230' title='bbox 1902 3621 1989 3700; x_wconf 43' lang='lat' dir='ltr'><strong>satu,-</strong></span> 
     </span>
     <span class='ocr_line' id='line_1_27' title="bbox 412 3645 2001 3803; baseline -0.006 -18"><span class='ocrx_word' id='word_1_231' title='bbox 412 3717 504 3785; x_wconf 90' lang='lat' dir='ltr'><strong>tiferi</strong></span> <span class='ocrx_word' id='word_1_232' title='bbox 532 3714 592 3780; x_wconf 91' lang='lat' dir='ltr'><strong>Vir</strong></span> <span class='ocrx_word' id='word_1_233' title='bbox 616 3713 679 3781; x_wconf 93' lang='lat' dir='ltr'><strong>inis</strong></span> <span class='ocrx_word' id='word_1_234' title='bbox 703 3729 816 3803; x_wconf 85' lang='lat' dir='ltr'><strong>partus</strong></span> <span class='ocrx_word' id='word_1_235' title='bbox 845 3709 930 3776; x_wconf 80' lang='lat'><strong>1666</strong></span> <span class='ocrx_word' id='word_1_236' title='bbox 955 3709 1033 3776; x_wconf 90' lang='lat' dir='ltr'><strong>bora</strong></span> <span class='ocrx_word' id='word_1_237' title='bbox 1066 3707 1205 3776; x_wconf 89' lang='lat' dir='ltr'><strong>dimidia</strong></span> <span class='ocrx_word' id='word_1_238' title='bbox 1235 3645 1430 3776; x_wconf 75' lang='lat' dir='ltr'><strong>duodecima</strong></span> <span class='ocrx_word' id='word_1_239' title='bbox 1460 3710 1661 3791; x_wconf 87' lang='lat' dir='ltr'><strong>meridiana,</strong></span> <span class='ocrx_word' id='word_1_240' title='bbox 1694 3721 1875 3790; x_wconf 86' lang='lat' dir='ltr'><strong>exortum,</strong></span> <span class='ocrx_word' id='word_1_241' title='bbox 1907 3705 2001 3778; x_wconf 59' lang='lat' dir='ltr'><strong>adeox</strong></span> 
     </span>
     <span class='ocr_line' id='line_1_28' title="bbox 413 3737 1989 3906; baseline -0.008 -28"><span class='ocrx_word' id='word_1_242' title='bbox 413 3820 556 3878; x_wconf 87' lang='lat' dir='ltr'><strong>nostram</strong></span> <span class='ocrx_word' id='word_1_243' title='bbox 581 3737 779 3870; x_wconf 65' lang='lat' dir='ltr'><strong>‹ierat-mavit</strong></span> <span class='ocrx_word' id='word_1_244' title='bbox 802 3802 947 3884; x_wconf 82' lang='lat' dir='ltr'><strong>Urbem,</strong></span> <span class='ocrx_word' id='word_1_245' title='bbox 971 3823 1058 3906; x_wconf 79' lang='lat' dir='ltr'><strong>quae</strong></span> <span class='ocrx_word' id='word_1_246' title='bbox 1082 3823 1143 3891; x_wconf 92' lang='lat' dir='ltr'><strong>per</strong></span> <span class='ocrx_word' id='word_1_247' title='bbox 1164 3799 1457 3892; x_wconf 87' lang='lat' dir='ltr'><strong>sesqui-seculum,</strong></span> <span class='ocrx_word' id='word_1_248' title='bbox 1480 3813 1514 3867; x_wconf 87' lang='lat' dir='ltr'><strong>et</strong></span> <span class='ocrx_word' id='word_1_249' title='bbox 1540 3799 1632 3893; x_wconf 91' lang='lat' dir='ltr'><strong>quod</strong></span> <span class='ocrx_word' id='word_1_250' title='bbox 1664 3802 1836 3882; x_wconf 81' lang='lat' dir='ltr'><strong>excurrit,</strong></span> <span class='ocrx_word' id='word_1_251' title='bbox 1866 3799 1989 3868; x_wconf 85' lang='lat' dir='ltr'><strong>doctri·</strong></span> 
     </span>
     <span class='ocr_line' id='line_1_29' title="bbox 414 3890 1989 3984; baseline -0.007 -17"><span class='ocrx_word' id='word_1_252' title='bbox 414 3922 501 3982; x_wconf 89' lang='lat' dir='ltr'><strong>nae,</strong></span> <span class='ocrx_word' id='word_1_253' title='bbox 524 3906 558 3960; x_wconf 89' lang='lat' dir='ltr'><strong>et</strong></span> <span class='ocrx_word' id='word_1_254' title='bbox 583 3894 715 3974; x_wconf 85' lang='lat' dir='ltr'><strong>virtutis</strong></span> <span class='ocrx_word' id='word_1_255' title='bbox 740 3891 805 3962; x_wconf 85' lang='lat' dir='ltr'><strong>fuit</strong></span> <span class='ocrx_word' id='word_1_256' title='bbox 830 3891 1076 3973; x_wconf 70' lang='lat' dir='ltr'><strong>Seminarium,</strong></span> <span class='ocrx_word' id='word_1_257' title='bbox 1101 3891 1308 3957; x_wconf 71' lang='lat' dir='ltr'><strong>literatorum</strong></span> <span class='ocrx_word' id='word_1_258' title='bbox 1331 3890 1540 3981; x_wconf 76' lang='lat' dir='ltr'><strong>hospitium,</strong></span> <span class='ocrx_word' id='word_1_259' title='bbox 1563 3892 1744 3984; x_wconf 86' lang='lat' dir='ltr'><strong>omnisque</strong></span> <span class='ocrx_word' id='word_1_260' title='bbox 1783 3891 1893 3957; x_wconf 80' lang='lat' dir='ltr'><strong>teraris</strong></span> <span class='ocrx_word' id='word_1_261' title='bbox 1907 3890 1989 3958; x_wconf 87' lang='lat' dir='ltr'><strong>Pae·</strong></span> 
     </span>
     <span class='ocr_line' id='line_1_30' title="bbox 415 3915 1991 4142; baseline -0.005 -86"><span class='ocrx_word' id='word_1_262' title='bbox 415 3985 606 4056; x_wconf 76' lang='lat' dir='ltr'><strong>deiterium</strong></span> <span class='ocrx_word' id='word_1_263' title='bbox 631 3984 712 4142; x_wconf 53' lang='lat' dir='ltr'><strong>lim</strong></span> <span class='ocrx_word' id='word_1_264' title='bbox 743 4007 817 4052; x_wconf 89' lang='lat' dir='ltr'><strong>eam</strong></span> <span class='ocrx_word' id='word_1_265' title='bbox 847 3996 939 4052; x_wconf 79' lang='lat' dir='ltr'><strong>vocat</strong></span> <span class='ocrx_word' id='word_1_266' title='bbox 969 3981 1013 4050; x_wconf 90' lang='lat' dir='ltr'><strong>D.</strong></span> <span class='ocrx_word' id='word_1_267' title='bbox 1039 3979 1219 4074; x_wconf 85' lang='lat' dir='ltr'><strong>Pelargus,</strong></span> <span class='ocrx_word' id='word_1_268' title='bbox 1243 3981 1530 4072; x_wconf 75' lang='lat' dir='ltr'><strong>superintendens</strong></span> <span class='ocrx_word' id='word_1_269' title='bbox 1552 3981 1722 4074; x_wconf 87' lang='lat' dir='ltr'><strong>quondam</strong></span> <span class='ocrx_word' id='word_1_270' title='bbox 1745 3915 1910 4050; x_wconf 78' lang='lat' dir='ltr'><strong>blarulriae</strong></span> <span class='ocrx_word' id='word_1_271' title='bbox 1933 4007 1991 4073; x_wconf 79' lang='lat' dir='ltr'><strong>ge·</strong></span> 
     </span>
    </p>
   </div>
   <div class='ocr_carea' id='block_1_13' title="bbox 413 4071 1996 5443">
    <p class='ocr_par' dir='ltr' id='par_1_14' title="bbox 413 4071 1996 5443">
     <span class='ocr_line' id='line_1_31' title="bbox 414 4071 1989 4165; baseline -0.006 -20"><span class='ocrx_word' id='word_1_272' title='bbox 414 4076 554 4160; x_wconf 85' lang='lat' dir='ltr'><strong>neralis,</strong></span> <span class='ocrx_word' id='word_1_273' title='bbox 571 4075 609 4140; x_wconf 90' lang='lat' dir='ltr'><strong>in</strong></span> <span class='ocrx_word' id='word_1_274' title='bbox 665 4073 795 4142; x_wconf 89' lang='lat' dir='ltr'><strong>ratione</strong></span> <span class='ocrx_word' id='word_1_275' title='bbox 818 4072 956 4142; x_wconf 82' lang='lat' dir='ltr'><strong>funebri</strong></span> <span class='ocrx_word' id='word_1_276' title='bbox 979 4071 1131 4140; x_wconf 77' lang='lat' dir='ltr'><strong>mauritii</strong></span> <span class='ocrx_word' id='word_1_277' title='bbox 1156 4071 1299 4162; x_wconf 78' lang='lat' dir='ltr'><strong>Zocbii)</strong></span> <span class='ocrx_word' id='word_1_278' title='bbox 1323 4084 1386 4156; x_wconf 90' lang='lat' dir='ltr'><strong>ut,</strong></span> <span class='ocrx_word' id='word_1_279' title='bbox 1413 4074 1474 4139; x_wconf 91' lang='lat' dir='ltr'><strong>ubi</strong></span> <span class='ocrx_word' id='word_1_280' title='bbox 1507 4086 1602 4141; x_wconf 89' lang='lat' dir='ltr'><strong>antea</strong></span> <span class='ocrx_word' id='word_1_281' title='bbox 1632 4071 1802 4165; x_wconf 87' lang='lat' dir='ltr'><strong>splendida</strong></span> <span class='ocrx_word' id='word_1_282' title='bbox 1831 4071 1989 4139; x_wconf 77' lang='lat' dir='ltr'><strong>extabunt</strong></span> 
     </span>
     <span class='ocr_line' id='line_1_32' title="bbox 416 4163 1987 4257; baseline -0.005 -22"><span class='ocrx_word' id='word_1_283' title='bbox 416 4165 581 4248; x_wconf 84' lang='lat' dir='ltr'><strong>aedificia,</strong></span> <span class='ocrx_word' id='word_1_284' title='bbox 606 4165 768 4257; x_wconf 88' lang='lat' dir='ltr'><strong>pleraque</strong></span> <span class='ocrx_word' id='word_1_285' title='bbox 792 4165 960 4256; x_wconf 76' lang='lat' dir='ltr'><strong>lapidibus</strong></span> <span class='ocrx_word' id='word_1_286' title='bbox 979 4174 1159 4244; x_wconf 81' lang='lat' dir='ltr'><strong>exstructa,</strong></span> <span class='ocrx_word' id='word_1_287' title='bbox 1183 4185 1276 4230; x_wconf 90' lang='lat' dir='ltr'><strong>nunc</strong></span> <span class='ocrx_word' id='word_1_288' title='bbox 1300 4163 1420 4230; x_wconf 90' lang='lat' dir='ltr'><strong>rudera</strong></span> <span class='ocrx_word' id='word_1_289' title='bbox 1453 4163 1619 4256; x_wconf 76' lang='lat' dir='ltr'><strong>supersint</strong></span> <span class='ocrx_word' id='word_1_290' title='bbox 1647 4177 1779 4255; x_wconf 86' lang='lat' dir='ltr'><strong>aspectu</strong></span> <span class='ocrx_word' id='word_1_291' title='bbox 1809 4163 1987 4230; x_wconf 86' lang='lat' dir='ltr'><strong>horrende.</strong></span> 
     </span>
     <span class='ocr_line' id='line_1_33' title="bbox 417 4251 1990 4348; baseline -0.004 -23"><span class='ocrx_word' id='word_1_292' title='bbox 417 4257 600 4326; x_wconf 82' lang='lat' dir='ltr'><strong>Subactum</strong></span> <span class='ocrx_word' id='word_1_293' title='bbox 624 4267 674 4322; x_wconf 88' lang='lat' dir='ltr'><strong>est</strong></span> <span class='ocrx_word' id='word_1_294' title='bbox 696 4257 890 4324; x_wconf 79' lang='lat' dir='ltr'><strong>incendium</strong></span> <span class='ocrx_word' id='word_1_295' title='bbox 916 4257 975 4324; x_wconf 84' lang='lat' dir='ltr'><strong>lroc</strong></span> <span class='ocrx_word' id='word_1_296' title='bbox 998 4256 1035 4322; x_wconf 92' lang='lat' dir='ltr'><strong>in</strong></span> <span class='ocrx_word' id='word_1_297' title='bbox 1059 4251 1158 4321; x_wconf 88' lang='lat' dir='ltr'><strong>domo</strong></span> <span class='ocrx_word' id='word_1_298' title='bbox 1180 4253 1314 4322; x_wconf 87' lang='lat' dir='ltr'><strong>Vidnae</strong></span> <span class='ocrx_word' id='word_1_299' title='bbox 1335 4253 1524 4347; x_wconf 85' lang='lat' dir='ltr'><strong>cujusdam,</strong></span> <span class='ocrx_word' id='word_1_300' title='bbox 1549 4255 1715 4348; x_wconf 81' lang='lat' dir='ltr'><strong>tertioque</strong></span> <span class='ocrx_word' id='word_1_301' title='bbox 1738 4254 1893 4321; x_wconf 84' lang='lat' dir='ltr'><strong>liorarnm</strong></span> <span class='ocrx_word' id='word_1_302' title='bbox 1916 4277 1990 4344; x_wconf 66' lang='lat' dir='ltr'><strong>spad</strong></span> 
     </span>
     <span class='ocr_line' id='line_1_34' title="bbox 418 4343 1991 4440; baseline -0.005 -23"><span class='ocrx_word' id='word_1_303' title='bbox 418 4350 480 4430; x_wconf 91' lang='lat' dir='ltr'><strong>tio,</strong></span> <span class='ocrx_word' id='word_1_304' title='bbox 505 4349 541 4415; x_wconf 92' lang='lat' dir='ltr'><strong>in</strong></span> <span class='ocrx_word' id='word_1_305' title='bbox 567 4359 674 4413; x_wconf 87' lang='lat' dir='ltr'><strong>tantas</strong></span> <span class='ocrx_word' id='word_1_306' title='bbox 697 4347 843 4415; x_wconf 80' lang='lat' dir='ltr'><strong>excrevit</strong></span> <span class='ocrx_word' id='word_1_307' title='bbox 868 4346 1035 4430; x_wconf 84' lang='lat' dir='ltr'><strong>flammas,</strong></span> <span class='ocrx_word' id='word_1_308' title='bbox 1059 4357 1099 4411; x_wconf 90' lang='lat' dir='ltr'><strong>ut</strong></span> <span class='ocrx_word' id='word_1_309' title='bbox 1123 4343 1178 4432; x_wconf 71' lang='lat'><strong>64.</strong></span> <span class='ocrx_word' id='word_1_310' title='bbox 1207 4345 1377 4430; x_wconf 85' lang='lat' dir='ltr'><strong>aedilicia,</strong></span> <span class='ocrx_word' id='word_1_311' title='bbox 1401 4358 1434 4412; x_wconf 90' lang='lat' dir='ltr'><strong>et</strong></span> <span class='ocrx_word' id='word_1_312' title='bbox 1459 4347 1549 4412; x_wconf 87' lang='lat' dir='ltr'><strong>inter</strong></span> <span class='ocrx_word' id='word_1_313' title='bbox 1572 4344 1650 4412; x_wconf 85' lang='lat' dir='ltr'><strong>lraec</strong></span> <span class='ocrx_word' id='word_1_314' title='bbox 1681 4345 1845 4440; x_wconf 88' lang='lat' dir='ltr'><strong>quaedam</strong></span> <span class='ocrx_word' id='word_1_315' title='bbox 1878 4346 1991 4434; x_wconf 87' lang='lat' dir='ltr'><strong>splen-</strong></span> 
     </span>
     <span class='ocr_line' id='line_1_35' title="bbox 416 4434 1990 4530; baseline -0.002 -23"><span class='ocrx_word' id='word_1_316' title='bbox 416 4438 494 4507; x_wconf 89' lang='lat' dir='ltr'><strong>dida</strong></span> <span class='ocrx_word' id='word_1_317' title='bbox 519 4439 571 4506; x_wconf 89' lang='lat' dir='ltr'><strong>sin</strong></span> <span class='ocrx_word' id='word_1_318' title='bbox 594 4437 650 4504; x_wconf 90' lang='lat' dir='ltr'><strong>ula</strong></span> <span class='ocrx_word' id='word_1_319' title='bbox 675 4438 792 4530; x_wconf 85' lang='lat' dir='ltr'><strong>tegulis</strong></span> <span class='ocrx_word' id='word_1_320' title='bbox 818 4450 927 4518; x_wconf 87' lang='lat' dir='ltr'><strong>tecta,</strong></span> <span class='ocrx_word' id='word_1_321' title='bbox 951 4448 1240 4520; x_wconf 67' lang='lat' dir='ltr'><strong>enumerentur,</strong></span> <span class='ocrx_word' id='word_1_322' title='bbox 1265 4459 1331 4503; x_wconf 92' lang='lat' dir='ltr'><strong>non</strong></span> <span class='ocrx_word' id='word_1_323' title='bbox 1356 4437 1420 4504; x_wconf 87' lang='lat' dir='ltr'><strong>nisi</strong></span> <span class='ocrx_word' id='word_1_324' title='bbox 1446 4434 1625 4503; x_wconf 76' lang='lat' dir='ltr'><strong>ruderibus</strong></span> <span class='ocrx_word' id='word_1_325' title='bbox 1648 4437 1782 4504; x_wconf 81' lang='lat' dir='ltr'><strong>relictis.</strong></span> <span class='ocrx_word' id='word_1_326' title='bbox 1817 4434 1990 4504; x_wconf 84' lang='lat' dir='ltr'><strong>Damnum</strong></span> 
     </span>
     <span class='ocr_line' id='line_1_36' title="bbox 416 4462 1992 4618; baseline -0.003 -20"><span class='ocrx_word' id='word_1_327' title='bbox 416 4530 539 4598; x_wconf 82' lang='lat' dir='ltr'><strong>exinde</strong></span> <span class='ocrx_word' id='word_1_328' title='bbox 561 4462 729 4612; x_wconf 55' lang='lat' dir='ltr'><strong>fiinibus,</strong></span> <span class='ocrx_word' id='word_1_329' title='bbox 753 4542 786 4594; x_wconf 89' lang='lat' dir='ltr'><strong>et</strong></span> <span class='ocrx_word' id='word_1_330' title='bbox 810 4527 1094 4596; x_wconf 84' lang='lat' dir='ltr'><strong>inhabitatoribus</strong></span> <span class='ocrx_word' id='word_1_331' title='bbox 1117 4551 1289 4618; x_wconf 79' lang='lat' dir='ltr'><strong>emergens</strong></span> <span class='ocrx_word' id='word_1_332' title='bbox 1312 4529 1459 4595; x_wconf 85' lang='lat' dir='ltr'><strong>centenis</strong></span> <span class='ocrx_word' id='word_1_333' title='bbox 1484 4525 1634 4594; x_wconf 87' lang='lat' dir='ltr'><strong>millibus</strong></span> <span class='ocrx_word' id='word_1_334' title='bbox 1655 4526 1890 4594; x_wconf 86' lang='lat' dir='ltr'><strong>Joacbimicor:</strong></span> <span class='ocrx_word' id='word_1_335' title='bbox 1923 4527 1992 4593; x_wconf 86' lang='lat' dir='ltr'><strong>imo</strong></span> 
     </span>
     <span class='ocr_line' id='line_1_37' title="bbox 417 4615 1991 4714; baseline -0.001 -27"><span class='ocrx_word' id='word_1_336' title='bbox 417 4645 518 4714; x_wconf 87' lang='lat' dir='ltr'><strong>supra</strong></span> <span class='ocrx_word' id='word_1_337' title='bbox 541 4621 747 4687; x_wconf 88' lang='lat' dir='ltr'><strong>aestimatur.</strong></span> <span class='ocrx_word' id='word_1_338' title='bbox 772 4617 861 4687; x_wconf 88' lang='lat' dir='ltr'><strong>Cum</strong></span> <span class='ocrx_word' id='word_1_339' title='bbox 889 4643 965 4686; x_wconf 85' lang='lat' dir='ltr'><strong>vero</strong></span> <span class='ocrx_word' id='word_1_340' title='bbox 987 4643 1027 4684; x_wconf 89' lang='lat' dir='ltr'><strong>ex</strong></span> <span class='ocrx_word' id='word_1_341' title='bbox 1051 4617 1310 4686; x_wconf 89' lang='lat' dir='ltr'><strong>consideratione</strong></span> <span class='ocrx_word' id='word_1_342' title='bbox 1334 4618 1564 4687; x_wconf 87' lang='lat' dir='ltr'><strong>incendiorum</strong></span> <span class='ocrx_word' id='word_1_343' title='bbox 1598 4618 1722 4685; x_wconf 89' lang='lat' dir='ltr'><strong>multae</strong></span> <span class='ocrx_word' id='word_1_344' title='bbox 1753 4615 1832 4684; x_wconf 89' lang='lat' dir='ltr'><strong>oriri</strong></span> <span class='ocrx_word' id='word_1_345' title='bbox 1862 4615 1991 4686; x_wconf 88' lang='lat' dir='ltr'><strong>soleant</strong></span> 
     </span>
     <span class='ocr_line' id='line_1_38' title="bbox 416 4705 1993 4800; baseline -0.003 -21"><span class='ocrx_word' id='word_1_346' title='bbox 416 4713 511 4780; x_wconf 88' lang='lat' dir='ltr'><strong>Juris</strong></span> <span class='ocrx_word' id='word_1_347' title='bbox 534 4711 801 4795; x_wconf 81' lang='lat' dir='ltr'><strong>Controversiae,</strong></span> <span class='ocrx_word' id='word_1_348' title='bbox 826 4711 862 4776; x_wconf 91' lang='lat' dir='ltr'><strong>in</strong></span> <span class='ocrx_word' id='word_1_349' title='bbox 887 4723 993 4776; x_wconf 86' lang='lat' dir='ltr'><strong>utram</strong></span> <span class='ocrx_word' id='word_1_350' title='bbox 1022 4733 1064 4776; x_wconf 88' lang='lat' dir='ltr'><strong>ue</strong></span> <span class='ocrx_word' id='word_1_351' title='bbox 1087 4723 1215 4798; x_wconf 82' lang='lat' dir='ltr'><strong>partem</strong></span> <span class='ocrx_word' id='word_1_352' title='bbox 1239 4707 1474 4800; x_wconf 87' lang='lat' dir='ltr'><strong>disputabiles,</strong></span> <span class='ocrx_word' id='word_1_353' title='bbox 1491 4705 1583 4774; x_wconf 88' lang='lat' dir='ltr'><strong>unde</strong></span> <span class='ocrx_word' id='word_1_354' title='bbox 1599 4721 1700 4776; x_wconf 87' lang='lat' dir='ltr'><strong>totam</strong></span> <span class='ocrx_word' id='word_1_355' title='bbox 1718 4709 1887 4776; x_wconf 87' lang='lat' dir='ltr'><strong>materiam</strong></span> <span class='ocrx_word' id='word_1_356' title='bbox 1908 4707 1993 4784; x_wconf 81' lang='lat' dir='ltr'><strong>banc</strong></span> 
     </span>
     <span class='ocr_line' id='line_1_39' title="bbox 418 4734 1993 4894; baseline -0.001 -26"><span class='ocrx_word' id='word_1_357' title='bbox 418 4801 635 4894; x_wconf 87' lang='lat' dir='ltr'><strong>amplam‚et</strong></span> <span class='ocrx_word' id='word_1_358' title='bbox 660 4799 859 4890; x_wconf 82' lang='lat' dir='ltr'><strong>profundam</strong></span> <span class='ocrx_word' id='word_1_359' title='bbox 888 4734 1041 4892; x_wconf 80' lang='lat' dir='ltr'><strong>Coepoll.</strong></span> <span class='ocrx_word' id='word_1_360' title='bbox 1067 4799 1101 4866; x_wconf 87' lang='lat' dir='ltr'><strong>d.</strong></span> <span class='ocrx_word' id='word_1_361' title='bbox 1127 4799 1256 4868; x_wconf 76' lang='lat' dir='ltr'><strong>Saevit.</strong></span> <span class='ocrx_word' id='word_1_362' title='bbox 1280 4804 1319 4867; x_wconf 89' lang='lat' dir='ltr'><strong>in</strong></span> <span class='ocrx_word' id='word_1_363' title='bbox 1342 4805 1395 4869; x_wconf 87' lang='lat' dir='ltr'><strong>tit.</strong></span> <span class='ocrx_word' id='word_1_364' title='bbox 1425 4798 1469 4868; x_wconf 87' lang='lat' dir='ltr'><strong>de</strong></span> <span class='ocrx_word' id='word_1_365' title='bbox 1483 4803 1649 4890; x_wconf 85' lang='lat' dir='ltr'><strong>fornace.</strong></span> <span class='ocrx_word' id='word_1_366' title='bbox 1684 4799 1863 4881; x_wconf 87' lang='lat' dir='ltr'><strong>nodosam,</strong></span> <span class='ocrx_word' id='word_1_367' title='bbox 1895 4800 1993 4868; x_wconf 77' lang='lat' dir='ltr'><strong>valde</strong></span> 
     </span>
     <span class='ocr_line' id='line_1_40' title="bbox 418 4887 1991 4986; baseline 0.001 -30"><span class='ocrx_word' id='word_1_368' title='bbox 418 4903 530 4958; x_wconf 89' lang='lat' dir='ltr'><strong>tamen</strong></span> <span class='ocrx_word' id='word_1_369' title='bbox 555 4889 673 4956; x_wconf 89' lang='lat' dir='ltr'><strong>utilem</strong></span> <span class='ocrx_word' id='word_1_370' title='bbox 696 4888 816 4957; x_wconf 90' lang='lat' dir='ltr'><strong>dicunt</strong></span> <span class='ocrx_word' id='word_1_371' title='bbox 840 4891 1034 4959; x_wconf 87' lang='lat' dir='ltr'><strong>Franciscns</strong></span> <span class='ocrx_word' id='word_1_372' title='bbox 1057 4890 1203 4957; x_wconf 82' lang='lat' dir='ltr'><strong>Turran.</strong></span> <span class='ocrx_word' id='word_1_373' title='bbox 1227 4898 1265 4960; x_wconf 86' lang='lat' dir='ltr'><strong>in</strong></span> <span class='ocrx_word' id='word_1_374' title='bbox 1288 4915 1454 4960; x_wconf 86' lang='lat' dir='ltr'><strong>commun.</strong></span> <span class='ocrx_word' id='word_1_375' title='bbox 1477 4895 1568 4986; x_wconf 86' lang='lat' dir='ltr'><strong>opin.</strong></span> <span class='ocrx_word' id='word_1_376' title='bbox 1599 4891 1673 4960; x_wconf 78' lang='lat'><strong>185.</strong></span> <span class='ocrx_word' id='word_1_377' title='bbox 1693 4890 1859 4958; x_wconf 77' lang='lat' dir='ltr'><strong>referente</strong></span> <span class='ocrx_word' id='word_1_378' title='bbox 1875 4887 1991 4984; x_wconf 87' lang='lat' dir='ltr'><strong>Prosp.</strong></span> 
     </span>
     <span class='ocr_line' id='line_1_41' title="bbox 417 4979 1992 5076; baseline 0.001 -28"><span class='ocrx_word' id='word_1_379' title='bbox 417 4979 593 5048; x_wconf 82' lang='lat' dir='ltr'><strong>Farinacio</strong></span> <span class='ocrx_word' id='word_1_380' title='bbox 612 4995 707 5073; x_wconf 87' lang='lat' dir='ltr'><strong>port.</strong></span> <span class='ocrx_word' id='word_1_381' title='bbox 732 4979 765 5047; x_wconf 80' lang='lat'><strong>3.</strong></span> <span class='ocrx_word' id='word_1_382' title='bbox 789 4983 902 5049; x_wconf 71' lang='lat' dir='ltr'><strong>Prae.</strong></span> <span class='ocrx_word' id='word_1_383' title='bbox 926 4996 962 5050; x_wconf 83' lang='lat' dir='ltr'><strong>et</strong></span> <span class='ocrx_word' id='word_1_384' title='bbox 990 4981 1176 5050; x_wconf 68' lang='lat' dir='ltr'><strong>directione</strong></span> <span class='ocrx_word' id='word_1_385' title='bbox 1200 4983 1383 5052; x_wconf 82' lang='lat' dir='ltr'><strong>Criminal.</strong></span> <span class='ocrx_word' id='word_1_386' title='bbox 1397 5001 1530 5076; x_wconf 82' lang='lat' dir='ltr'><strong>quaest.</strong></span> <span class='ocrx_word' id='word_1_387' title='bbox 1562 5007 1633 5052; x_wconf 84' lang='lat' dir='ltr'><strong>rio.</strong></span> <span class='ocrx_word' id='word_1_388' title='bbox 1651 5008 1686 5050; x_wconf 90' lang='lat' dir='ltr'><strong>n.</strong></span> <span class='ocrx_word' id='word_1_389' title='bbox 1709 4997 1778 5050; x_wconf 73' lang='lat' dir='ltr'><strong>net</strong></span> <span class='ocrx_word' id='word_1_390' title='bbox 1793 4979 1992 5049; x_wconf 82' lang='lat' dir='ltr'><strong>Boncltbar.</strong></span> 
     </span>
     <span class='ocr_line' id='line_1_42' title="bbox 413 5071 1993 5167; baseline 0 -29"><span class='ocrx_word' id='word_1_391' title='bbox 413 5087 509 5162; x_wconf 87' lang='lat' dir='ltr'><strong>port.</strong></span> <span class='ocrx_word' id='word_1_392' title='bbox 538 5095 567 5137; x_wconf 86' lang='lat' dir='ltr'><strong>a.</strong></span> <span class='ocrx_word' id='word_1_393' title='bbox 587 5087 715 5163; x_wconf 86' lang='lat' dir='ltr'><strong>quaest.</strong></span> <span class='ocrx_word' id='word_1_394' title='bbox 730 5071 808 5142; x_wconf 85' lang='lat' dir='ltr'><strong>Jur·</strong></span> <span class='ocrx_word' id='word_1_395' title='bbox 825 5071 923 5143; x_wconf 75' lang='lat' dir='ltr'><strong>civit.</strong></span> <span class='ocrx_word' id='word_1_396' title='bbox 947 5087 980 5140; x_wconf 88' lang='lat' dir='ltr'><strong>et</strong></span> <span class='ocrx_word' id='word_1_397' title='bbox 1005 5072 1141 5142; x_wconf 74' lang='lat' dir='ltr'><strong>saxon.</strong></span> <span class='ocrx_word' id='word_1_398' title='bbox 1165 5092 1296 5167; x_wconf 76' lang='lat' dir='ltr'><strong>quirest.</strong></span> <span class='ocrx_word' id='word_1_399' title='bbox 1328 5098 1377 5142; x_wconf 86' lang='lat' dir='ltr'><strong>ro.</strong></span> <span class='ocrx_word' id='word_1_400' title='bbox 1398 5099 1482 5167; x_wconf 82' lang='lat' dir='ltr'><strong>pag.</strong></span> <span class='ocrx_word' id='word_1_401' title='bbox 1498 5072 1593 5142; x_wconf 78' lang='lat' dir='ltr'><strong>milti.</strong></span> <span class='ocrx_word' id='word_1_402' title='bbox 1615 5097 1684 5142; x_wconf 84' lang='lat' dir='ltr'><strong>rao.</strong></span> <span class='ocrx_word' id='word_1_403' title='bbox 1703 5073 1845 5166; x_wconf 87' lang='lat' dir='ltr'><strong>placuit,</strong></span> <span class='ocrx_word' id='word_1_404' title='bbox 1866 5091 1900 5140; x_wconf 88' lang='lat' dir='ltr'><strong>et</strong></span> <span class='ocrx_word' id='word_1_405' title='bbox 1914 5075 1993 5164; x_wconf 86' lang='lat' dir='ltr'><strong>qni-</strong></span> 
     </span>
     <span class='ocr_line' id='line_1_43' title="bbox 417 5161 1992 5256; baseline 0.002 -28"><span class='ocrx_word' id='word_1_406' title='bbox 417 5161 492 5229; x_wconf 87' lang='lat' dir='ltr'><strong>dem</strong></span> <span class='ocrx_word' id='word_1_407' title='bbox 517 5183 616 5230; x_wconf 85' lang='lat' dir='ltr'><strong>suasu</strong></span> <span class='ocrx_word' id='word_1_408' title='bbox 638 5179 672 5230; x_wconf 90' lang='lat' dir='ltr'><strong>et</strong></span> <span class='ocrx_word' id='word_1_409' title='bbox 695 5162 828 5232; x_wconf 87' lang='lat' dir='ltr'><strong>hortatu</strong></span> <span class='ocrx_word' id='word_1_410' title='bbox 853 5188 988 5246; x_wconf 85' lang='lat' dir='ltr'><strong>eonrru,</strong></span> <span class='ocrx_word' id='word_1_411' title='bbox 1011 5165 1138 5256; x_wconf 90' lang='lat' dir='ltr'><strong>quibus</strong></span> <span class='ocrx_word' id='word_1_412' title='bbox 1160 5166 1317 5234; x_wconf 83' lang='lat' dir='ltr'><strong>reluctari</strong></span> <span class='ocrx_word' id='word_1_413' title='bbox 1344 5165 1460 5256; x_wconf 82' lang='lat' dir='ltr'><strong>religio</strong></span> <span class='ocrx_word' id='word_1_414' title='bbox 1488 5178 1564 5245; x_wconf 89' lang='lat' dir='ltr'><strong>est,</strong></span> <span class='ocrx_word' id='word_1_415' title='bbox 1593 5187 1698 5232; x_wconf 89' lang='lat' dir='ltr'><strong>unam</strong></span> <span class='ocrx_word' id='word_1_416' title='bbox 1729 5183 1829 5256; x_wconf 90' lang='lat' dir='ltr'><strong>atque</strong></span> <span class='ocrx_word' id='word_1_417' title='bbox 1856 5163 1992 5232; x_wconf 86' lang='lat' dir='ltr'><strong>alteram</strong></span> 
     </span>
     <span class='ocr_line' id='line_1_44' title="bbox 416 5249 1996 5350; baseline 0.003 -32"><span class='ocrx_word' id='word_1_418' title='bbox 416 5249 619 5321; x_wconf 89' lang='lat' dir='ltr'><strong>Positionem</strong></span> <span class='ocrx_word' id='word_1_419' title='bbox 635 5277 678 5324; x_wconf 83' lang='lat' dir='ltr'><strong>ex</strong></span> <span class='ocrx_word' id='word_1_420' title='bbox 693 5254 896 5348; x_wconf 87' lang='lat' dir='ltr'><strong>amplissima</strong></span> <span class='ocrx_word' id='word_1_421' title='bbox 912 5256 972 5324; x_wconf 91' lang='lat' dir='ltr'><strong>bac</strong></span> <span class='ocrx_word' id='word_1_422' title='bbox 989 5255 1142 5337; x_wconf 89' lang='lat' dir='ltr'><strong>materia,</strong></span> <span class='ocrx_word' id='word_1_423' title='bbox 1161 5269 1193 5321; x_wconf 90' lang='lat' dir='ltr'><strong>et</strong></span> <span class='ocrx_word' id='word_1_424' title='bbox 1210 5256 1348 5348; x_wconf 87' lang='lat' dir='ltr'><strong>quidem</strong></span> <span class='ocrx_word' id='word_1_425' title='bbox 1365 5257 1536 5350; x_wconf 86' lang='lat' dir='ltr'><strong>speciatim</strong></span> <span class='ocrx_word' id='word_1_426' title='bbox 1551 5254 1593 5321; x_wconf 88' lang='lat' dir='ltr'><strong>de</strong></span> <span class='ocrx_word' id='word_1_427' title='bbox 1610 5255 1765 5324; x_wconf 90' lang='lat' dir='ltr'><strong>incendio</strong></span> <span class='ocrx_word' id='word_1_428' title='bbox 1782 5255 1915 5326; x_wconf 87' lang='lat' dir='ltr'><strong>Casnali</strong></span> <span class='ocrx_word' id='word_1_429' title='bbox 1937 5279 1996 5322; x_wconf 81' lang='lat' dir='ltr'><strong>er·</strong></span> 
     </span>
     <span class='ocr_line' id='line_1_45' title="bbox 416 5345 1996 5443; baseline 0.004 -35"><span class='ocrx_word' id='word_1_430' title='bbox 416 5366 570 5435; x_wconf 85' lang='lat' dir='ltr'><strong>serpere,</strong></span> <span class='ocrx_word' id='word_1_431' title='bbox 587 5369 730 5438; x_wconf 87' lang='lat' dir='ltr'><strong>eamque</strong></span> <span class='ocrx_word' id='word_1_432' title='bbox 745 5347 898 5417; x_wconf 86' lang='lat' dir='ltr'><strong>exercitii</strong></span> <span class='ocrx_word' id='word_1_433' title='bbox 913 5346 1018 5441; x_wconf 81' lang='lat' dir='ltr'><strong>gratia</strong></span> <span class='ocrx_word' id='word_1_434' title='bbox 1033 5345 1075 5414; x_wconf 91' lang='lat' dir='ltr'><strong>ad</strong></span> <span class='ocrx_word' id='word_1_435' title='bbox 1092 5346 1339 5417; x_wconf 88' lang='lat' dir='ltr'><strong>ventilationem</strong></span> <span class='ocrx_word' id='word_1_436' title='bbox 1357 5346 1497 5416; x_wconf 87' lang='lat' dir='ltr'><strong>amicam</strong></span> <span class='ocrx_word' id='word_1_437' title='bbox 1513 5369 1709 5439; x_wconf 89' lang='lat' dir='ltr'><strong>proponere.</strong></span> <span class='ocrx_word' id='word_1_438' title='bbox 1721 5349 1774 5417; x_wconf 88' lang='lat' dir='ltr'><strong>Sit</strong></span> <span class='ocrx_word' id='word_1_439' title='bbox 1789 5345 1996 5443; x_wconf 87' lang='lat' dir='ltr'><strong>itaqneFor·</strong></span> 
     </span>
    </p>
   </div>
   <div class='ocr_carea' id='block_1_14' title="bbox 417 5435 689 5506">
    <p class='ocr_par' dir='ltr' id='par_1_15' title="bbox 417 5435 689 5506">
     <span class='ocr_line' id='line_1_46' title="bbox 417 5435 689 5506; baseline 0.007 -4"><span class='ocrx_word' id='word_1_440' title='bbox 417 5447 555 5506; x_wconf 85' lang='lat' dir='ltr'><strong>tunante</strong></span> <span class='ocrx_word' id='word_1_441' title='bbox 579 5435 689 5506; x_wconf 74' lang='grc' dir='ltr'><strong>ΠΕΟ.</strong></span> 
     </span>
    </p>
   </div>
   <div class='ocr_carea' id='block_1_15' title="bbox 0 0 2263 6340">
    <p class='ocr_par' dir='ltr' id='par_1_16' title="bbox 0 0 2263 6340">
     <span class='ocr_line' id='line_1_47' title="bbox 0 0 2263 6340; baseline 0 0"><span class='ocrx_word' id='word_1_442' title='bbox 0 0 2263 6340; x_wconf 95' lang='lat' dir='ltr'><strong> </strong></span> 
     </span>
    </p>
   </div>
  </div>
 </body>
</html>
