4424 6340
467 593 497 642 η
982 563 1171 624 otsrurtr.
1193 569 1212 621 1.
1233 570 1349 631 cerer
1367 579 1388 632 1.
1885 609 1916 658 ἢ

395 685 423 722 rs
444 667 561 733 ineidat,
581 666 666 720 nihilo
681 674 769 719 tamen
782 660 872 716 minus
887 671 978 716 contra
992 661 1059 716 hane
1072 660 1163 716 rendi·
1219 662 1407 742 OffePreef.
1426 678 1491 731 Uri.
1508 681 1566 736 Imo
1579 683 1611 738 ad
1625 687 1695 743 hunc
1708 693 1810 750 remitti
1825 698 1922 757 debent
1935 705 2010 758 Tu·''

394 758 494 812 tionem
510 771 542 808 ex
556 761 630 827 pacto
644 749 761 804 defuncti
776 759 862 802 urtam
878 747 965 800 irrisor
979 763 1031 799 non
1045 747 1164 800 restitui·
1218 757 1288 804 tores
1303 763 1332 806 et
1344 769 1492 828 curatores,
1506 769 1552 836 qui
1566 773 1634 826 male
1652 773 1681 825 in
1702 780 1783 832 tutela
1802 786 1912 852 versati,
1937 806 1989 857 per

394 857 450 906 tur,
464 842 602 935 utilmpp.
623 837 741 891 Dioclet.
756 845 782 888 et
796 832 913 931 erantne.
927 832 1161 931 rescripserunt'r'n
1215 835 1246 885 l·
1270 848 1292 887 t.
1311 835 1333 908 5.
1356 853 1378 892 t.
1387 841 1429 910 ff
1446 847 1479 900 de
1499 848 1595 921 Offir'o.
1621 855 1762 928 Praefert.
1783 867 1848 918 ism.
1876 869 1909 924 de
1937 891 1988 942 quo

351 959 353 964 ,
393 932 425 982 t.
446 939 470 979 2.
493 928 523 980 C.
542 940 567 976 ει
585 921 689 976 advers.
703 918 781 974 vend.
799 937 876 990 pega.
895 917 946 972 Sed
967 918 1059 970 harum
1078 927 1162 971 retro·
1215 927 1303 974 tamen
1324 935 1351 976 ct
1370 927 1489 984 Praetori
1503 936 1621 1005 cognitio
1633 943 1786 1000 conceditur
1798 966 1850 1018 per
1868 954 1900 1005 L.
1923 967 1945 1006 t.
1963 953 1987 1027 5.

394 1032 459 1068 num
473 1011 525 1066 dre.
539 1020 563 1059 ⁵.
576 1007 748 1060 lustrabimus
762 1005 926 1058 stricturamz
940 1003 1054 1057 lnterim
1069 1004 1163 1056 Paulus
1215 1000 1283 1072 mff.
1303 1007 1336 1059 de
1353 1013 1433 1081 Susp-
1457 1017 1551 1071 fictor.
1573 1022 1657 1091 Confi
1673 1027 1706 1078 L.
1721 1038 1744 1079 ².
1753 1027 1795 1098 ff
1814 1033 1876 1087 eod.

393 1099 472 1153 aliam
491 1088 1161 1160 rationem,sirecausam,exqualmp.restitu·
1250 1089 1357 1145 Deinde
1375 1092 1404 1146 id
1428 1115 1533 1170 qtsoqne
1550 1106 1709 1174 notandum,
1734 1113 1799 1183 quid
1828 1114 1884 1171 sibi
1904 1122 1988 1176 velius
2027 1134 2054 1177 η

392 1185 494 1240 tionem
513 1178 631 1250 pupillae
647 1174 786 1246 impertiri
804 1174 909 1244 possit,
928 1171 1066 1242 suggerit:
1086 1169 1162 1239 qud
1212 1169 1276 1224 haec
1300 1175 1396 1230 verba.-
1416 1180 1485 1235 Dies
1506 1189 1704 1247 committendi.
1731 1200 1790 1251 Vox
1814 1205 1984 1261 conemittere

393 1265 520 1321 videlicet
532 1261 662 1317 venditor
670 1257 863 1329 interpellando
870 1259 993 1320 Tutores,
1001 1256 1160 1308 denuncisn-
1211 1267 1283 1309 certc
1295 1258 1325 1310 in
1337 1261 1396 1329 jure
1410 1277 1501 1322 nostro
1512 1271 1635 1342 ambigue
1648 1280 1765 1336 maxime
1783 1295 1837 1350 est,
1852 1289 1987 1359 variisque

394 1353 470 1404 doec
488 1341 1161 1420 petendopretium,rideaturtrlegeCommisso-
1212 1339 1292 1392 rebus
1313 1345 1471 1416 applicatur.
1498 1353 1636 1410 Interdum
1661 1363 1734 1416 enim
1753 1365 1829 1420 idem
1849 1380 1891 1423 est
1915 1375 1987 1442 quod

400 1441 439 1492 ria
458 1435 603 1490 reressisse.
624 1428 678 1484 Sed
697 1429 760 1480 haec
779 1427 861 1490 ratic,
876 1427 900 1478 εἰ
914 1425 999 1478 *elida
1012 1437 1099 1490 esset,
1118 1426 1159 1480 ti*
1211 1439 1333 1492 P0⁰⁰³¹¹02
1348 1427 1516 1503 delinquere,
1537 1449 1567 1492 ut
1585 1445 1754 1502 committere
1765 1451 1889 1506 adsersus
1904 1463 1987 1510 testa·

397 1526 465 1593 juris
478 1523 520 1588 ius
535 1533 612 1570 suum
625 1511 749 1586 persequi
762 1514 893 1582 potuisset
904 1509 1013 1580 pupilla:
1029 1509 1160 1564 Autenim
1212 1519 1331 1561 ruentum
1345 1511 1374 1564 in
1393 1515 1425 1566 L.
1446 1529 1470 1569 s.
1489 1517 1513 1591 5.
1533 1521 1611 1590 ιβ.
1629 1525 1661 1580 de
1679 1529 1801 1588 Liberat.
1823 1539 1917 1606 Legat.
1934 1539 1981 1592 ln.

396 1606 512 1662 traditus
532 1599 629 1652 inudus
647 1607 703 1660 est,
717 1607 762 1650 aut
773 1612 844 1656 uene
860 1594 889 1646 Si
904 1592 1031 1647 traditum
1044 1594 1161 1647 vindicet
1213 1590 1316 1644 tendum
1330 1594 1417 1662 idem,
1431 1603 1501 1670 quod
1516 1603 1612 1658 debere
1626 1611 1658 1662 L.
1675 1622 1699 1664 t.
1718 1609 1743 1686 5.
1759 1627 1781 1668 t.
1792 1615 1833 1685 ffi
1849 1620 1883 1672 de
1902 1619 1935 1672 V.
1952 1625 1984 1676 0,

398 1689 531 1746 Venditor
545 1701 577 1738 ex
590 1683 658 1752 Lege
670 1679 875 1742 Commissoria,
888 1677 988 1748 poterit
1000 1678 1052 1750 ipsi
1062 1679 1158 1749 opponi
1210 1673 1245 1726 El
1254 1676 1330 1746 vulgo
1344 1683 1513 1739 committere
1527 1686 1582 1742 iere
1595 1691 1667 1746 idem
1680 1706 1734 1762 est,
1747 1699 1818 1770 quod
1837 1700 1985 1758 confiscare

397 1775 518 1846 exceptio
537 1764 780 1827 Renunciationis,
797 1761 867 1833 quod
885 1761 1013 1814 nimirum
1032 1759 1161 1816 beneficio
1210 1777 1366 1831 quamquem
1376 1763 1537 1826 confiscatio
1555 1777 1648 1844 potius
1668 1783 1806 1837 commissi
1819 1804 1984 1858 consequeus

399 1881 446 1918 suo
459 1875 493 1912 ex
504 1864 579 1930 pacto
594 1847 777 1904 eorrtmissorio
791 1847 844 1900 sibi
857 1846 1030 1918 competenti,
1043 1847 1161 1917 pretium
1211 1842 1261 1906 siit
1279 1855 1298 1895 t·
1311 1844 1378 1914 t·ff
1396 1850 1429 1904 de
1452 1854 1583 1924 Vectigal.
1603 1869 1629 1912 et
1642 1863 1784 1918 commiss,
1799 1869 1831 1921 ln
1846 1881 1937 1924 ηοω,
1950 1871 1981 1924 ι,

396 1943 527 2018 petendo,
542 1932 747 1991 renunciaverit.
761 1931 823 1984 Nou
840 1929 967 1984 traditum
984 1928 1097 1983 lundam
1110 1949 1158 2002 ps-
1212 1929 1345 1984 AEmiiius
1362 1931 1420 1986 dies
1445 1939 1634 1996 committendi
1654 1947 1724 2000 nihil
1743 1950 1815 2004 aliud
1833 1955 1887 2018 est',
1905 1971 1984 2025 quam

396 2033 460 2105 pitin
468 2038 555 2100 petere
564 2015 867 2094 potestactioncEmpti:
875 2016 926 2077 coi,
935 2015 958 2068 si
968 2015 1157 2086 Praescriptio·
1214 2014 1343 2068 terminus
1350 2021 1569 2094 praescriptionis
1582 2026 1815 2100 conventionalis,
1827 2054 1879 2106 que
1894 2039 1983 2109 elapso

399 2118 442 2171 uis
460 2103 676 2167 conventiunculis
688 2111 837 2173 opponatur
850 2100 991 2170 Exceptio,
1008 2099 1067 2170 pari
1085 2100 1163 2152 modo
1211 2096 1286 2163 quasi
1305 2098 1419 2154 arbitrio
1432 2106 1589 2162 Venditoris
1602 2123 1725 2168 censetur
1741 2121 1930 2185 commissum,
1949 2142 1983 2175 an

355 2217 359 2230 ·
398 2202 430 2254 de
448 2191 649 2253 eeisunciationc
660 2185 812 2258 replicando
825 2201 854 2236 se
865 2183 1110 2255 possetdeiendere.
1118 2186 1164 2238 Ja·
1194 2182 1329 2264 ‘pretinm
1347 2194 1438 2255 petere
1450 2189 1580 2254 eelit,an
1594 2211 1656 2249 vem
1675 2201 1690 2248 t
1709 2211 1846 2256 commu,
1869 2206 1982 2259 ,egilem

398 2286 456 2341 eob.
477 2282 565 2349 Cujac.
579 2275 618 2330 od
636 2274 662 2329 d.
682 2275 712 2326 L·
731 2268 870 2324 AEmilr'us.
890 2268 938 2320 Vel
952 2267 976 2319 si
994 2263 1163 2320 insufficiens
1214 2266 1245 2316 l·
1266 2278 1289 2317 t·
1307 2278 1336 2319 et
1354 2278 1378 2320 t.
1397 2268 1421 2341 5.
1444 2269 1516 2339 ¹·ff·
1535 2275 1568 2328 de
1586 2278 1619 2329 L.
1643 2281 1819 2338 Commissur-
1846 2287 1906 2342 Via.
1925 2292 1982 2342 Νο-

392 2365 552 2443 praecedens
570 2360 638 2414 ratio
656 2367 697 2410 est
715 2393 722 2420 ,
742 2355 776 2407 ed
796 2354 938 2406 minimum
962 2352 1012 2404 boc
1028 2353 1113 2406 colore
1129 2352 1159 2404 in
1210 2350 1294 2404 titise.
1308 2352 1362 2404 Dn-
1376 2353 1521 2410 Godofred.
1530 2358 1562 2414 de
1572 2363 1660 2417 iberra
1677 2366 1806 2422 Procede
1820 2371 1890 2442 lege
1904 2370 1984 2424 Com.

395 2457 531 2521 integrum
551 2446 646 2498 melius
666 2440 795 2514 potuisset
807 2437 927 2500 restitui,
939 2455 1018 2505 quam
1036 2437 1105 2506 quod
1119 2437 1160 2488 di·
1210 2433 1401 2490 meconites.
1422 2451 1446 2492 t.

397 2557 424 2592 es
443 2528 671 2590 committendiin
686 2534 804 2595 ternpore
820 2522 936 2592 pupillae
954 2521 1088 2573 inciderit.
1108 2519 1161 2574 Sed
1248 2519 1362 2573 Demum
1375 2525 1446 2592 quod
1460 2529 1558 2585 attinet
1570 2528 1661 2587 finalia
1674 2535 1893 2608 rerba,quin0n
1906 2541 1985 2597 resti.
2022 2554 2051 2596 μ

394 2618 534 2692 displicuit
551 2615 601 2666 hoc
625 2627 686 2664 casu
704 2611 771 2678 lmp.
792 2617 898 2678 paetum
924 2604 1158 2667 Cotumissoeium,
1210 2603 1251 2657 tui
1266 2603 1471 2662 desiderassent.
1486 2612 1535 2667 llla
1549 2617 1607 2688 ipsa
1621 2617 1809 2676 tuffam-um
1822 2625 1984 2680 bahanem.

395 2708 441 2777 qui
454 2713 585 2776 praeterea
606 2689 1045 2759 motusadrestitutionem,quod
1058 2690 1159 2758 priores
1211 2687 1371 2760 typhaeum,
1386 2694 1530 2763 quietlosa
1544 2701 1652 2769 eadem,
1666 2707 1747 2760 etsie
1763 2709 1841 2778 plane
1858 2712 1986 2766 omitten-

394 2793 508 2844 'l'utores
528 2781 643 2854 suspecti
655 2773 824 2850 pronunciasti
835 2783 938 2837 essent,
952 2782 979 2826 et
997 2776 1036 2828 ita
1048 2774 1077 2825 iu
1090 2775 1160 2828 inte·
1211 2769 1243 2825 da
1255 2790 1315 2827 esse
1328 2775 1486 2834 arbitratur.
1500 2783 1608 2838 Etenim
1621 2797 1773 2860 propterca,
1786 2793 1826 2844 uti
1848 2811 1985 2864 argaman.

395 2889 471 2945 grum
485 2867 604 2922 eamdem
616 2863 737 2916 restituit
747 2860 902 2930 Imperator·
920 2857 1040 2911 Tacitum
1058 2875 1161 2928 quoque
1212 2865 1282 2911 tatur
1295 2858 1348 2926 ille,
1357 2879 1411 2914 unu
1424 2873 1546 2934 poterant
1555 2878 1585 2921 ut
1599 2875 1713 2943 suspecti
1722 2873 1985 2949 condemnari,quod

395 2960 440 3011 hie
453 2953 585 3008 subfuisse
602 2947 748 3010 rationein,
761 2961 828 3016 quae
842 2943 1032 3012 Imperatorem
1046 2945 1162 2998 moverit
1211 2941 1409 2998 restitutionem
1423 2965 1475 3002 nou
1489 2948 1695 3020 desiderassent,
1708 2973 1768 3010 cum
1782 2967 1887 3030 tempos
1901 2962 1982 3015 resti·

394 3041 520 3113 quoniam
540 3033 650 3106 pulchra
674 3029 728 3083 tuit
751 3047 781 3082 ac
804 3026 921 3080 formosa
944 3028 1044 3096 puella,
1066 3027 1095 3078 id
1120 3033 1160 3082 utl
1210 3025 1308 3080 tutioni
1323 3027 1485 3086 destinatum
1505 3035 1624 3090 noudum
1638 3048 1695 3092 erat
1707 3044 1943 3114 praeterlapsume
1959 3043 1985 3096 1-

394 3125 519 3185 dubium,
539 3120 577 3170 ita
589 3135 650 3171 cum
663 3115 776 3170 Viriano
787 3111 816 3165 in
835 3127 901 3164 cusu
920 3111 957 3164 ad
975 3111 1001 3162 d.
1020 3113 1052 3164 L.
1072 3115 1161 3167 AEmi·
1211 3127 1255 3162 mo
1272 3110 1357 3166 adhuc
1370 3115 1509 3184 pupillaris
1521 3117 1613 3174 aderet
1624 3131 1711 3188 aetas,
1725 3134 1755 3178 ut
1766 3125 1831 3180 adeo
1849 3135 1890 3180 tot
1905 3127 1985 3180 anuis

393 3211 444 3265 lios
462 3223 578 3260 asserere
596 3201 690 3256 nolim.
1209 3194 1340 3264 poluisse!
1358 3197 1494 3254 retlilulio
1511 3203 1584 3274 peti,
1603 3205 1675 3276 qood
1694 3223 1727 3261 ex
1747 3208 1845 3280 viginti
1864 3209 1981 3282 quinque

429 3292 566 3362 Explicata
579 3288 628 3340 bac
645 3285 749 3338 ratione
761 3283 815 3334 Lex
828 3290 869 3334 est
882 3297 929 3352 per
943 3279 1095 3345 Summam,
1109 3279 1158 3334 Ca·
1210 3277 1296 3331 adhuc
1309 3280 1431 3347 deerant,
1446 3293 1476 3338 ut
1488 3301 1535 3356 per
1552 3303 1715 3362 consequens
1733 3293 1802 3346 mete
1820 3293 1924 3348 dicatur
1943 3311 1986 3346 ει.

394 3395 467 3440 sum,
487 3391 517 3427 ac
535 3369 679 3424 decisionis
698 3367 838 3418 rationem.
857 3365 896 3416 dd
911 3365 1064 3418 ulteriorem
1078 3373 1160 3416 mate-
1211 3360 1272 3416 dem
1289 3365 1416 3434 neglecta.
1435 3367 1540 3424 Exinde
1558 3383 1646 3428 autem
1672 3375 1786 3447 suspecti
1805 3377 1986 3447 pronuncian-

393 3465 494 3513 riarum
508 3453 724 3523 dilucidationem
738 3459 877 3516 antequam
891 3445 1042 3500 admoveam
1056 3447 1159 3517 pedem,
1210 3444 1238 3496 di
1251 3458 1342 3509 erant,
1354 3450 1425 3520 qnod
1445 3451 1518 3507 diem
1536 3457 1740 3522 committendi,
1760 3460 1817 3512 sire
1835 3460 1984 3512 terminum

392 3563 475 3599 nititur
492 3543 635 3594 alterumve
654 3535 725 3586 cirea
741 3531 820 3584 verba
838 3540 944 3582 nostrae
958 3529 1034 3599 Legis
1055 3541 1096 3583 est
1113 3531 1159 3582 ad·
1212 3531 1419 3602 Praescriptioni
1434 3535 1640 3592 Consentiounli
1660 3546 1806 3603 statutum,
1825 3543 1989 3610 praeterlabi

392 3623 546 3682 notandum.
566 3620 602 3672 Et
618 3616 736 3672 occurrit
748 3615 836 3686 primo
849 3615 907 3666 loco
921 3613 983 3666 boe:
997 3613 1111 3684 Pupilla
1122 3614 1160 3665 ei·
1211 3615 1280 3681 passi
1295 3615 1584 3687 luerint,praesertim
1599 3620 1850 3680 denunciationibus
1870 3641 1947 3695 saepe
1970 3644 1986 3677 a

392 3723 438 3766 cto
451 3721 507 3762 tem
520 3706 596 3778 opud
609 3708 786 3760 Praetorem,
800 3717 882 3770 quam
896 3698 973 3768 apud
983 3697 1161 3766 Praefectum
1210 3696 1358 3750 Venditore
1372 3698 1425 3752 sibi
1439 3697 1526 3752 iactis.
1542 3701 1690 3754 Dicendum
1705 3703 1794 3774 itaque
1803 3703 1876 3764 ,toret
1889 3725 1949 3760 cum
1960 3709 1987 3762 d.

397 3794 674 3864 Urbiproeocnoerut.
687 3785 727 3836 Ex
739 3783 835 3855 quibus
845 3784 936 3837 serbis
948 3783 1159 3852 colligitAocur-
1212 3782 1274 3834 det.
1287 3779 1373 3834 Fabno
1386 3785 1451 3836 ttae.
1472 3785 1509 3838 od
1524 3783 1551 3837 d.
1571 3787 1602 3837 L.
1622 3784 1719 3840 AEmtt.
1733 3787 1773 3839 tir.
1795 3791 1830 3842 (2.
1844 3791 1917 3844 Haec
1930 3810 1987 3846 eer-

392 3879 463 3933 rius:
478 3879 582 3930 Victum
596 3873 679 3926 inisse
691 3869 819 3942 pupillum
835 3867 905 3939 apmd
924 3865 1089 3920 Praefectum
1108 3870 1159 3921 Ue·
1210 3864 1242 3916 be
1254 3865 1287 3918 ab
1300 3867 1450 3937 luterprete
1462 3867 1574 3938 quodam
1588 3868 1717 3940 imperito
1730 3871 1821 3926 addita
1830 3885 1934 3939 esse,ut
1943 3876 1980 3930 ita

392 3964 434 4026 bi,
448 3959 518 4032 quod
530 3959 611 4012 semel
624 3957 750 4025 denegata
763 3955 793 4006 ia
807 3953 941 4021 integrum
959 3951 1096 4006 restitutio
1108 3953 1159 4007 ite-
1211 3949 1312 4006 dicunn
1326 3951 1458 4022 possimus
1472 3953 1782 4008 evitareabsurditatem.
1795 3957 1926 4026 Quoniam
1942 3979 1987 4015 ve-

393 4067 451 4101 rum
465 4046 522 4117 peti
536 4061 588 4096 non
601 4041 702 4112 possit,
714 4040 850 4107 soliumque
868 4037 983 4114 supersit
994 4035 1097 4091 Minori
1111 4037 1157 4090 be·
1211 4051 1240 4088 ro
1255 4053 1305 4088 non
1322 4035 1398 4088 lneile
1411 4035 1443 4089 ael
1452 4037 1643 4092 correctionem
1657 4047 1775 4092 textuum
1788 4044 1985 4110 recurrendum,

392 4131 518 4187 aeficium
533 4124 735 4198 Appellationis.
749 4123 800 4176 Sed
813 4121 849 4175 ob
864 4121 891 4173 id
912 4120 1041 4174 refutatur
1052 4120 1085 4174 ab
1102 4123 1154 4173 An·
1209 4117 1255 4172 sed
1268 4119 1313 4172 illa
1327 4121 1418 4192 quasis
1434 4123 1521 4193 potitis
1534 4123 1710 4194 explicatione
1724 4123 1860 4189 evitanda;
1874 4127 1986 4199 ideoque

393 4229 448 4272 tun.
462 4215 547 4268 Fabro
565 4211 594 4263 iu
613 4207 807 4264 nationalibus
827 4207 863 4260 ed
881 4205 906 4257 d
925 4209 957 4259 L·
976 4205 1105 4260 AEtm'lim
1118 4205 1157 4258 lit.
1210 4212 1237 4255 ct
1256 4203 1304 4256 hae
1322 4203 1351 4256 in
1364 4213 1440 4277 parte
1466 4209 1638 4277 supersedere
1656 4209 1774 4279 potuisse
1799 4209 1915 4265 Fabrum
1934 4214 1984 4266 hac

396 4305 431 4356 G.
449 4301 478 4352 in
487 4297 545 4369 fin.
566 4298 623 4348 lmo
637 4292 713 4348 tacite
728 4291 808 4346 etiam
823 4306 857 4342 ex
870 4301 997 4343 contextu
1010 4289 1159 4344 Verborum
1208 4305 1287 4359 opera
1306 4299 1435 4361 putarem·
1457 4289 1608 4344 Absurdum
1627 4293 1714 4356 enim,
1733 4291 1802 4362 quod
1821 4313 1868 4364 per
1889 4313 1982 4348 consc-

389 4385 523 4448 elueescit,
538 4381 625 4454 ipsum
640 4385 654 4432 i
667 4379 793 4432 Praetura
807 4374 840 4428 nd
854 4373 1018 4428 Praefectum
1031 4373 1099 4426 Urbi
1113 4393 1158 4444 ap-
1190 4373 1334 4444 ,quentiae
1353 4389 1384 4426 ex
1405 4383 1480 4426 textu
1500 4371 1597 4427 iormat
1616 4374 1709 4442 idem,
1729 4377 1781 4428 tale
1799 4376 1916 4430 minime
1933 4377 1986 4432 est.

390 4471 517 4544 pellasse,
536 4483 595 4518 cum
614 4477 768 4537 provocasse
786 4459 891 4511 dicatur
906 4467 959 4513 tam
982 4463 996 4510 a
1018 4457 1142 4510 Praetura
1149 4493 1157 4521 ,
1211 4455 1323 4525 Quando
1335 4457 1409 4510 enim
1424 4457 1453 4508 in
1466 4454 1522 4510 fine
1541 4459 1566 4510 d.
1585 4462 1618 4512 L·
1637 4459 1769 4515 AEmr'liue
1787 4459 1871 4513 JCtus
1889 4463 1982 4518 Paulus

390 4573 469 4626 quam
483 4549 640 4604 uPraelccto
652 4547 728 4600 Urbi.
744 4543 784 4596 tt
798 4545 845 4597 illo
856 4542 963 4612 quidem
978 4539 1009 4592 ad
1024 4539 1109 4602 bunc,
1120 4541 1159 4592 th
1210 4540 1288 4604 dieit3
1302 4541 1372 4612 quod
1387 4541 1491 4613 priores
1504 4549 1620 4607 tutores,
1635 4545 1680 4614 qui
1695 4561 1749 4596 non
1760 4543 1869 4599 restitui
1884 4543 1987 4597 deside·

388 4641 438 4692 hoe
459 4655 518 4689 sero
531 4635 563 4689 ud
578 4636 776 4706 Imperatorem.
795 4628 829 4680 Et
840 4627 869 4678 id
885 4625 978 4679 modus
996 4624 1157 4696 procedendi
1209 4635 1328 4690 rassent,
1341 4627 1458 4698 suspecti
1474 4627 1645 4697 pronunciati
1659 4637 1743 4681 erant·
1762 4627 1807 4680 lbi
1823 4628 1868 4682 illa
1890 4629 1984 4694 rerba,

387 4721 455 4792 apud
476 4721 607 4772 Romanos
628 4715 732 4771 videtur
749 4712 922 4783 efflagitasse,
949 4720 979 4762 ut
997 4715 1011 4762 i
1031 4705 1157 4768 Praetorc
1210 4708 1257 4778 qui
1273 4727 1329 4762 oon
1349 4709 1456 4764 restitui
1465 4709 1678 4776 desiderassent,
1693 4730 1745 4764 non
1759 4720 1823 4765 sunt
1836 4711 1913 4765 rerba
1927 4730 1984 4766 cau·

389 4807 422 4856 ael
434 4801 597 4857 Praefectum
610 4800 679 4853 Urbi
693 4799 878 4870 appellaretur,
891 4793 1014 4865 quoniam
1030 4794 1156 4864 tempori·
1208 4811 1266 4856 sae,
1280 4792 1325 4845 sed
1339 4803 1402 4846 sunt
1415 4793 1495 4846 rerba
1509 4793 1719 4848 demonstrandi.
1727 4795 1762 4848 Et
1774 4795 1919 4859 adduntur,
1934 4797 1981 4848 lra-

387 4888 437 4940 bus
453 4886 562 4955 Augusti
581 4883 732 4936 Praeimtus
745 4880 813 4934 Urbi
833 4897 905 4932 more
923 4879 1006 4946 Regio
1017 4877 1074 4931 iere
1091 4895 1153 4932 cen·
1206 4877 1262 4930 bita
1274 4877 1379 4930 ratione
1393 4878 1570 4950 posteriorum
1586 4875 1715 4942 tutorum,
1728 4879 1986 4949 quirestitutionem

386 4969 516 5034 stitutus,
535 4978 565 5021 ut
584 4967 621 5020 sit
639 4974 781 5038 perpetuus
794 4963 982 5031 Magistratus,
998 4961 1105 5014 Sueten.
1120 4961 1153 5014 in
1207 4959 1323 5032 pupillae
1334 4961 1475 5034 petebant,
1489 4979 1522 5014 ne
1535 4961 1601 5014 alias
1617 4962 1847 5016 ceniunderentur
1867 4963 1920 5015 sibi
1941 4963 1984 5016 in-

388 5047 909 5122 Augentliofin.Antr'qur't.1iomon.
930 5045 948 5095 1.
969 5057 992 5095 t.
1010 5063 1033 5098 c.
1058 5055 1096 5095 tt.
1110 5053 1152 5097 at·
1205 5046 1298 5099 ricem·
1308 5045 1337 5098 si
1350 5063 1412 5098 rere
1426 5061 1529 5099 causam
1542 5047 1731 5118 postulationis
1744 5047 1859 5117 suspecti
1873 5046 1983 5100 denota·

387 5153 438 5206 que
446 5137 477 5189 ad
489 5137 559 5189 hunc
571 5133 682 5188 rediisse
694 5133 815 5186 omnium
824 5139 984 5202 potestatum
998 5129 1150 5200 appellatio·
1204 5137 1266 5182 rent
1279 5129 1349 5183 dicta
1361 5129 1456 5196 rerba,
1468 5141 1541 5184 certe
1554 5149 1607 5185 nen
1619 5131 1667 5199 eui
1677 5129 1721 5182 sed
1736 5129 1803 5202 quin
1815 5127 1885 5184 soret
1897 5131 1983 5200 legeu-

382 5237 433 5278 ttes
452 5239 486 5274 ex
503 5221 617 5276 Vobisco
639 5229 749 5274 testatur
767 5215 928 5274 Wesenbee.
945 5210 1098 5286 paratitff.
1117 5212 1151 5269 de
1201 5213 1273 5266 dum.
