4424 6340
522 539 946 671 anuuauto
983 540 1091 658 aa
1125 531 1559 660 nuuuounu

485 1028 550 1104 Ill
598 1024 811 1114 putata
860 1015 1180 1098 uotrtottn
1209 1011 1584 1099 ,IMPRESSA.

244 2009 411 2176 Habes
424 2096 494 2177 hic,
512 2087 642 2159 Lector
656 2085 848 2166 Benevola,
865 2077 1144 2150 Dissertationum
1167 2070 1189 2141 J
1192 2069 1415 2153 uridicarnm,
1432 2095 1484 2140 me
1507 2071 1659 2143 Praeside
1674 2072 1801 2142 hahita-

241 2213 317 2256 rum
328 2186 510 2267 ,Volumen
523 2183 551 2250 l.
564 2181 672 2272 Cujus
685 2177 994 2251 Editioniscausas‚
1010 2186 1222 2259 utexponam
1237 2162 1320 2229 Tibi
1336 2162 1521 2254 prolixius,
1535 2168 1810 2258 operaepretium

242 2301 311 2344 non
327 2276 395 2344 lore
411 2299 492 2344 reor.
508 2273 643 2342 Etenim
659 2269 806 2338 muneris
823 2261 1001 2334 Professori
1013 2258 1142 2326 ratione
1158 2279 1211 2321 me
1226 2253 1387 2344 obstringi
1403 2254 1443 2322 ad
1459 2256 1630 2326 excitanda
1656 2256 1808 2325 excolen-

241 2368 353 2462 daque
369 2367 500 2460 ingenia
514 2363 670 2441 illorum,
687 2361 750 2453 qui
767 2381 859 2425 meae
874 2377 908 2421 se
924 2349 1140 2419 crediderunt
1155 2343 1400 2430 informationi,
1419 2348 1534 2439 fugere
1549 2358 1583 2415 te
1596 2372 1663 2418 non
1674 2351 1806 2439 poterit.

241 2461 288 2524 At
302 2479 378 2526 vero
393 2479 461 2523 non
477 2456 628 2522 ultimam
669 2464 772 2518 artem
788 2449 889 2540 hujus
904 2463 1021 2534 operae
1036 2441 1073 2508 in
1088 2461 1126 2507 eo
1138 2435 1330 2520 consistere,
1346 2447 1401 2520 ut,
1417 2450 1491 2530 post
1513 2437 1732 2509 fundamenta
1754 2447 1809 2534 ju-

238 2550 329 2616 rium
346 2546 488 2612 fideliter
503 2546 634 2628 hausta,
645 2478 945 2633 Disputationibos
961 2529 1104 2638 publicis
1119 2527 1247 2620 ingenii
1263 2525 1354 2632 dotes
1377 2528 1605 2620 expoliantur,
1622 2533 1748 2623 pariter
1771 2536 1809 2602 iu

238 2641 377 2707 obscuro
388 2635 470 2703 Tibi
486 2659 631 2703 essenon
671 2633 779 2700 oterit.
790 2629 862 2698 Non
879 2625 972 2692 delur
987 2621 1047 2689 lrac
1063 2623 1099 2689 in
1155 2633 1205 2688 rte
1220 2640 1355 2684 muneri
1368 2643 1457 2703 meo,
1470 2619 1528 2686 sed
1541 2623 1658 2690 divino
1672 2623 1809 2693 adiutus

238 2725 414 2796 auxilioB.
426 2727 467 2794 D.
484 2659 784 2792 BUNNEtlluNNI
799 2740 833 2787 ct
847 2711 1083 2787 stJ'rIIOLTl
1137 2709 1382 2780 coercitationes
1395 2709 1444 2776 od
1461 2709 1651 2796 Instituta,
1667 2715 1810 2804 pariter-

236 2844 304 2911 que
318 2817 568 2910 Disputationes
582 2804 962 2882 scllttolttttlattus
978 2808 1020 2876 ad
1037 2801 1241 2873 Pondeotos
1264 2799 1408 2893 publicis
1429 2801 1682 2872 velitationibus
1704 2805 1807 2872 semel

238 2912 428 3002 iterumque
444 2906 579 2974 absolvi.
597 2905 724 2973 Verum
744 2927 805 2971 nec
820 2902 879 2970 hoc
895 2895 1041 2967 sullicere
1055 2895 1199 2976 credidi,
1224 2893 1252 2962 si
1268 2913 1336 2956 non
1350 2891 1514 2961 studiosae
1536 2895 1708 2988 juventuti
1725 2919 1809 2988 quo-

237 2997 410 3090 queniam
426 3015 656 3080 monstrarem,
696 3017 739 3061 ua
755 3006 877 3062 certam
891 2990 985 3057 Juris
1002 2985 1173 3055 materiam
1185 3009 1227 3052 ex
1250 2981 1351 3052 variis
1374 2982 1569 3052 auctoribus
1583 2985 1752 3078 colligere,
1768 3011 1805 3054 ac

235 3090 402 3156 collectam
416 3090 451 3156 in
466 3087 618 3155 ordinem
633 3019 705 3153 redi
728 3108 802 3170 ere,
818 3081 1007 3175 pariterque
1021 3076 1064 3146 de
1085 3076 1223 3146 diversis
1235 3073 1462 3164 Interpretum
1483 3074 1703 3164 opinionibus
1717 3075 1809 3168 judi-

235 3181 329 3246 cium
348 3178 435 3247 serre
451 3176 609 3245 valerent.
627 3177 696 3244 lloc
706 3109 777 3242 lue
793 3197 860 3240 non
878 3172 971 3239 tritas
983 3168 1111 3262 ubique
1126 3193 1162 3235 ac
1177 3165 1311 3245 obrias,
1328 3162 1405 3248 sed,
1429 3179 1598 3255 quantum
1613 3166 1729 3247 licuit,
1754 3190 1807 3232 ra-

236 3273 354 3350 riores,
368 3288 402 3336 et
415 3269 589 3360 plerasque
599 3281 680 3335 tunc
698 3265 852 3357 temporis
867 3259 1000 3354 speciali
1012 3259 1249 3330 Dissertatione
1272 3253 1422 3322 nondum
1445 3279 1609 3342 excussas,
1634 3255 1734 3322 utiles
1758 3267 1809 3322 ta·

236 3383 316 3426 men
337 3372 370 3424 et
393 3361 605 3440 necessarias,
630 3357 691 3464 ipsi
719 3355 874 3447 proposui
899 3351 1066 3435 materias,
1090 3351 1126 3418 in
1150 3347 1275 3445 quibus
1297 3346 1541 3416 conscribendis
1565 3346 1696 3438 ingenii
1720 3346 1808 3414 vires

233 3450 512 3542 periclitarentur.
530 3448 775 3516 Praestiterunt
790 3445 850 3513 boc
865 3467 933 3512 non
949 3445 1020 3510 sine
1033 3442 1121 3510 lelici
1136 3462 1304 3521 successu,
1319 3449 1353 3503 ct
1369 3437 1448 3506 inde
1461 3437 1601 3524 sactum,
1616 3451 1654 3504 ut
1670 3435 1807 3504 lronesta

233 3540 452 3607 aemulatione
466 3538 568 3605 altero
583 3539 719 3605 alterius
733 3537 881 3629 vestigiis
893 3536 1082 3617 insistente,
1098 3535 1195 3600 annis
1210 3553 1277 3597 non
1293 3525 1375 3594 adeo
1385 3531 1500 3599 multis
1510 3530 1724 3598 lerccentum
1739 3527 1761 3593 J
1765 3553 1806 3593 u-

233 3635 280 3697 ris
293 3631 395 3697 nostri
411 3630 566 3696 materiae
581 3628 754 3720 speciales,
770 3627 833 3694 sub
850 3651 918 3694 mea
936 3624 1174 3720 qualicumque
1192 3621 1373 3690 directione
1395 3624 1580 3691 elaboratae
1602 3645 1639 3686 ac
1661 3617 1806 3711 publicis

232 3719 525 3812 Disputationibos
538 3721 713 3812 subjectae.
730 3717 819 3784 Haec
842 3719 910 3808 ipsa
926 3739 1003 3783 vero
1020 3713 1188 3784 Exercitia
1203 3713 1416 3798 Academica,
1431 3739 1507 3782 cum
1531 3709 1611 3779 alibi
1636 3710 1807 3776 innotuis·
1880 3725 1884 3744 ¹

232 3825 323 3894 sent,
341 3811 483 3877 latorem
509 3825 639 3902 experta
655 3827 735 3878 snut
755 3810 977 3886 immeritum,
991 3803 1087 3882 adeo,
1103 3824 1142 3872 ut
1164 3828 1279 3873 corum
1302 3806 1499 3898 exemplaria
1525 3798 1668 3869 subinde
1691 3799 1804 3868 verbis

232 3903 360 3992 pariter
382 3912 416 3967 ct
429 3901 532 3970 literis
546 3901 765 3969 desiderarint
779 3897 928 3991 plurimi.
943 3894 1009 3961 Sed
1024 3921 1098 3962 cum
1117 3897 1173 3962 illa
1188 3893 1406 3987 suppeditare
1420 3920 1489 3966 non
1503 3899 1651 3966 valerent
1673 3893 1802 3966 Biblio-

230 3993 345 4145 polae,
362 3992 624 4081 permittendum
646 3991 781 4058 tandem
797 3989 880 4056 mihi
897 3988 980 4066 suit,
994 3999 1034 4052 ut
1046 3985 1155 4052 tribus
1178 3987 1341 4054 distinctis
1358 3989 1597 4058 Volumiuibus
1621 4015 1706 4060 nova
1729 3993 1805 4058 luce

255 4100 454 4168 orarentur,
464 4107 539 4150 cnm
557 4105 635 4151 vero
647 4081 736 4148 haud
760 4103 875 4170 paucas
898 4080 1018 4146 harum
1033 4075 1307 4144 Dissertationum
1331 4083 1397 4169 jam
1420 4081 1458 4146 in
1481 4080 1622 4150 aliorum
1646 4083 1804 4151 manibus

236 4173 356 4240 versari
373 4173 456 4240 mihi
472 4173 575 4265 probe
584 4173 753 4265 cognitum
763 4181 859 4250 esset,
873 4191 941 4236 non
952 4165 1015 4232 alia
1027 4168 1100 4260 lege
1115 4189 1167 4233 eas
1183 4191 1250 4236 nno
1266 4167 1446 4238 Volumina
1461 4171 1708 4265 conjungendas
1727 4199 1806 4265 per-

231 4263 326 4343 misi,
343 4287 446 4355 quam
461 4276 499 4329 ut
514 4264 615 4330 simul
629 4261 802 4354 separatim
813 4259 910 4327 rendi
927 4275 1071 4354 possent,
1088 4279 1131 4323 ne
1144 4257 1195 4327 bis
1210 4256 1339 4326 easdem
1362 4261 1514 4329 materias
1529 4286 1716 4355 comparare
1732 4289 1805 4334 mo·

230 4353 357 4420 lestiam
374 4378 426 4420 em
452 4353 516 4420 tori
540 4366 680 4425 crearet.
696 4350 752 4420 sed
768 4352 912 4445 quisque
927 4349 991 4418 sibi
1003 4373 1095 4428 earn,
1111 4372 1198 4440 quae
1214 4349 1372 4441 placeret,
1396 4354 1533 4444 seligere
1556 4371 1672 4445 posset.
1689 4355 1803 4444 Quam
1817 4385 1818 4390 ¹

229 4443 274 4510 ob
289 4467 418 4512 causam
430 4379 587 4511 indicem
601 4467 737 4548 quoque
751 4443 797 4508 ita
812 4442 926 4510 confici
941 4439 1150 4522 curarimus,
1167 4452 1205 4506 nt
1229 4440 1296 4508 illis
1310 4444 1430 4528 etiam,
1446 4442 1507 4532 qui
1522 4443 1663 4536 sparsim
1680 4443 1738 4514 bas
1759 4449 1804 4515 si·

229 4537 510 4626 bicompararunt
524 4531 970 4642 Disputationes,commode
985 4531 1086 4628 possit
1100 4531 1272 4598 inservire.
1298 4533 1369 4598 Hoc
1391 4544 1524 4598 tantum
1545 4531 1728 4602 monendus
1751 4561 1801 4622 es,

229 4625 363 4693 Lector
375 4623 568 4707 Benevole,
585 4624 761 4692 indulsisse
777 4647 829 4690 me
851 4622 1140 4692 Nobilissimorum
1155 4619 1342 4690 auditorum
1357 4624 1456 4714 genio
1479 4635 1513 4689 et
1536 4623 1693 4714 ingenio,
1719 4651 1801 4718 quo,

229 4713 315 4808 quid
331 4716 507 4799 sentirent,
524 4715 627 4784 libere
636 4727 856 4806 exponerent,
873 4719 983 4782 necin
1000 4738 1071 4781 mea
1085 4717 1236 4803 jurarent
1248 4715 1358 4780 verba.
1372 4710 1471 4779 Unde
1481 4712 1600 4788 nolim,
1614 4737 1667 4780 me
1678 4715 1802 4784 ducto-

226 4831 302 4872 rem
316 4809 467 4873 omnium
483 4809 737 4889 sententiarum,
755 4805 792 4869 in
804 4803 855 4872 his
873 4803 1172 4874 Dissertationibus
1192 4803 1521 4895 comprehensarum,
1536 4805 1707 4890 aestimes,
1722 4830 1802 4894 nec,

226 4898 256 4964 si
279 4896 463 4986 aliquando
486 4897 649 4964 contraria
672 4897 708 4962 in
732 4897 869 4964 diversis
884 4893 1175 5004 Disputationibos
1191 4895 1410 4977 occurrerint,
1434 4893 1517 4960 mihi
1534 4892 1640 4960 dicam
1665 4897 1796 4967 scribas.

227 4987 460 5054 Academicum
482 4989 572 5054 enim
597 4985 784 5053 libertatem
808 4988 842 5052 in
860 4988 1003 5077 publicis
1027 4985 1321 5077 Disputationibos
1337 5007 1403 5051 non
1427 4982 1714 5075 constringendam
1731 5013 1800 5056 esse

226 5079 364 5161 censui,
388 5077 444 5144 sed
467 5081 593 5170 potius,
617 5077 710 5170 quod
733 5077 883 5144 liberalia
907 5079 999 5145 decet
1023 5076 1174 5168 ingenia,
1197 5074 1303 5145 libere
1326 5073 1538 5142 sentiendum
1561 5098 1631 5143 esse
1655 5077 1800 5162 credidi,

225 5169 421 5262 praesertim
446 5169 482 5235 in
508 5168 639 5234 materia
664 5181 753 5236 certo
775 5175 850 5262 jure
865 5191 933 5234 non
951 5166 1069 5233 decisa.
1085 5167 1200 5234 Tuum
1217 5167 1302 5251 erit,
1317 5190 1359 5232 ex
1375 5167 1532 5269 subjectis
1548 5162 1679 5258 ubique
1701 5169 1801 5248 ratio-

224 5259 327 5326 nibus
350 5259 549 5338 aestimasse,
565 5257 649 5350 quid
668 5259 821 5348 ponderis
845 5259 1028 5328 sententiae
1052 5256 1306 5326 allobilissimis
1331 5255 1476 5346 ingentis
1501 5254 1655 5322 defensae
1670 5256 1799 5346 subsit,

224 5351 317 5442 quod
340 5349 369 5417 si
392 5373 495 5456 aequa
520 5349 635 5418 seceris
658 5350 769 5436 lance,
794 5375 861 5420 non
884 5347 1063 5442 denegabis
1087 5373 1231 5444 aequum
1250 5347 1345 5418 nobis
1365 5343 1558 5412 arbitrium.
1577 5345 1663 5414 Boni
1686 5346 1799 5441 itaqua
