4424 6340
426 549 473 617 137

350 645 432 701 suerit
447 644 610 718 frequentata
620 645 715 698 exinde
726 654 812 699 tamen
821 641 995 716 colligendum
1004 643 1120 696 nundum

352 743 404 798 est,
419 733 492 784 illam
505 732 537 784 ab
552 750 601 784 usu
614 731 667 786 fori
681 732 758 804 plane
773 731 920 796 recessisse,
934 749 991 783 curn
1008 728 1120 783 forsitan

353 819 395 870 rel
405 817 506 870 occasio
520 817 552 868 ad
565 816 696 886 agendum
711 833 763 868 non
777 815 877 877 suerit,
892 817 931 868 rel
944 814 1027 866 actori
1040 815 1120 866 talem

354 921 466 975 poenmn
478 902 601 972 persequi
615 919 666 953 nou
681 899 806 963 libuerit,
820 900 871 963 rel,
880 917 908 952 se
920 917 997 970 posse
1008 897 1039 950 ad
1054 899 1122 950 hanc

355 1005 465 1061 poenam
480 1003 571 1056 agere,
592 984 847 1056 ignoraverit.·Quia
861 985 950 1054 itaque
963 983 1027 1036 haec
1045 983 1121 1054 dupli

355 1089 439 1143 poena
451 1088 503 1122 non
518 1078 631 1134 mutata,
647 1087 728 1140 quare
742 1079 812 1122 stare
824 1063 1014 1138 prohibeatur?
1029 1083 1076 1138 per
1089 1067 1120 1118 L.

359 1168 401 1207 ιι.
415 1155 448 1210 C·
468 1153 501 1206 de
524 1156 641 1209 Testam-
661 1158 742 1226 Leges
762 1154 834 1209 euim
855 1171 906 1208 non
926 1153 1024 1206 utendo
1044 1152 1124 1204 robur

360 1255 486 1292 suumne
511 1241 693 1293 auctoritatem
717 1259 769 1294 non
795 1238 938 1300 amittuntr
965 1236 1124 1310 praesertim

359 1330 492 1398 poenales,
506 1329 538 1381 ad
554 1327 710 1382 vindicanda
725 1329 820 1380 scelera
834 1330 910 1386 latae:
923 1326 983 1379 h'isi
995 1325 1063 1378 lorte
1077 1323 1123 1376 ho·

361 1414 406 1466 die
418 1412 541 1466 licentius
553 1413 670 1484 peccari,
682 1416 720 1466 rel
735 1413 877 1466 sceleribus
892 1411 974 1478 magis
989 1409 1068 1461 ioreri
1084 1407 1125 1458 di·

362 1498 449 1562 xoris,
466 1497 535 1566 quod
547 1497 697 1550 absurdum.
713 1496 747 1548 Et
762 1513 789 1548 ea
804 1505 914 1568 propter
928 1511 1038 1564 poenam
1052 1492 1127 1563 dupli

362 1582 480 1635 insulsis
496 1582 656 1654 ponderibus
671 1593 698 1635 et
716 1580 848 1633 mensuris
862 1577 946 1632 adhuc
959 1579 989 1629 in
1008 1595 1056 1630 usu
1070 1594 1127 1630 esse

364 1668 542 1722 reeteasserit
556 1669 607 1718 Du.
623 1669 692 1719 liler.
713 1665 737 1717 d.
757 1663 835 1720 urtic-
858 1675 879 1715 t.
900 1682 927 1714 ιι.
952 1673 991 1713 tt.
1010 1662 1082 1714 idem
1100 1679 1127 1713 c·

367 1753 431 1804 tianr
444 1751 476 1804 de
496 1769 578 1824 poena
591 1751 665 1822 dupli
677 1759 704 1803 et
721 1747 860 1820 quadrupli
873 1747 945 1800 furto
959 1747 1053 1800 statuit
1070 1747 1129 1798 hm·

366 1838 441 1906 piiss.
457 1839 508 1889 Du.
525 1839 631 1890 Praeses
649 1837 756 1904 Quaest.
771 1830 809 1884 ad
826 1831 947 1887 ll'esenl.
961 1829 994 1882 tit
1004 1829 1037 1882 de
1050 1829 1130 1883 Furt.

367 1932 470 1991 quaest.
490 1932 531 1977 at.

927 544 1115 601 Disputat.
1136 543 1168 596 ll.
1188 543 1263 597 CAP.
1282 546 1356 600 Vlll.

1815 549 1863 604 rsa

1172 645 1239 698 circa
1252 643 1367 716 pondera
1381 643 1504 698 Ciciliter
1511 644 1565 715 egit
1576 645 1607 699 ad
1622 645 1730 718 duplum
1745 664 1778 701 ex
1792 647 1817 701 d.
1838 652 1856 704 l.
1873 673 1935 722 perr.

1172 731 1271 802 possit,
1286 729 1383 782 deinde
1398 729 1429 783 ad
1447 749 1555 802 poenam
1572 733 1704 802 publicam
1716 752 1748 788 ex
1762 737 1826 789 Jure
1838 735 1938 790 Caroli-

1173 831 1208 867 no
1219 814 1297 868 illum
1311 831 1441 867 accusare.
1455 832 1513 884 urg.
1527 817 1553 868 d·
1565 815 1582 866 i.
1603 819 1681 872 (sirie.

1210 902 1351 955 Rationem
1375 899 1529 967 dubitandi,
1549 919 1614 972 quae
1633 903 1827 974 proponebatur
1845 923 1938 979 supra,
1977 917 2008 960 ts

1173 987 1242 1056 quod
1256 987 1372 1050 attinet,
1392 985 1516 1058 procedet
1533 987 1639 1056 quidem
1654 989 1713 1052 illa,
1735 991 1758 1043 si
1768 1009 1867 1063 poenae
1885 1002 1941 1046 ten·

1175 1072 1240 1125 dant
1258 1073 1291 1125 ad
1305 1071 1391 1138 idem,
1405 1091 1459 1125 nun
1472 1089 1532 1125 reru
1546 1073 1568 1124 si
1580 1074 1612 1126 ad
1626 1074 1774 1142 diversum,
1794 1080 1833 1131 uti
1848 1079 1939 1131 hocin

1176 1173 1245 1208 casu.
1260 1156 1355 1208 Cirilis
1368 1155 1445 1209 datur
1456 1157 1700 1228 propterinteresse
1710 1156 1939 1233 Actorissirepri·

1174 1247 1271 1300 ratum
1280 1239 1520 1292 Criminalisdatur
1530 1250 1639 1310 propter
1652 1243 1781 1295 interesse
1794 1245 1937 1315 publicum.

1177 1324 1255 1376 Plura
1274 1324 1307 1377 de
1328 1343 1455 1379 concursu
1481 1326 1528 1380 hoc
1554 1329 1687 1381 actionum
1712 1332 1863 1400 poenalium
1888 1333 1942 1386 diei
1980 1347 2013 1388 te

1179 1419 1300 1480 possent,
1320 1407 1365 1460 sed
1384 1409 1490 1461 chartae
1507 1411 1628 1480 angustia
1641 1413 1719 1464 telum
1731 1403 1888 1487 abrumpere¹
1900 1438 1942 1472 me

1178 1494 1256 1566 cogit.
1277 1495 1407 1548 Poterant
1425 1495 1525 1548 interea
1544 1495 1659 1551 conferri
1674 1499 1726 1550 Du.
1741 1501 1774 1551 D.
1795 1501 1941 1558 Brunnern.

1182 1585 1333 1635 Commeat.
1359 1579 1429 1636 Cod.
1449 1579 1488 1632 ud
1503 1581 1528 1632 d.
1548 1583 1566 1632 l.
1585 1601 1631 1634 un.
1651 1586 1760 1654 qrcundo
1780 1587 1828 1639 civ·
1847 1600 1900 1641 act.
1918 1599 1945 1642 et

1180 1667 1217 1718 ad
1233 1664 1313 1716 iilum
1332 1663 1374 1716 tit.
1394 1665 1483 1717 Perea.
1503 1665 1555 1718 Dn.
1576 1665 1699 1738 Carpzor.
1718 1671 1768 1722 Pr.
1797 1671 1880 1724 Crim.
1905 1675 1941 1725 P.

1184 1763 1206 1802 4.
1229 1755 1338 1818 Quaest.
1359 1761 1401 1800 ³⁹.
1420 1767 1447 1800 ιι.
1470 1758 1511 1801 to.
1531 1758 1557 1803 et
1580 1760 1620 1802 44.
1648 1751 1701 1803 Du.
1733 1755 1821 1806 Strur.
1840 1758 1940 1810 Exere.

1180 1831 1265 1902 adff.
1286 1845 1328 1887 46.
1348 1833 1384 1885 tlt.
1405 1843 1447 1884 44.
1465 1833 1595 1886 Matthias
1610 1833 1724 1888 Beriich.
1743 1840 1779 1891 P.
1801 1847 1825 1887 4.
1843 1841 1940 1893 Conci.

1186 1929 1225 1970 44.
1245 1938 1273 1971 ιι.
1294 1930 1337 1972 24).
1355 1932 1429 1988 seqq.
1451 1913 1549 1969 Aulon.
1569 1917 1698 1971 Matthaei
1721 1919 1754 1973 de
1778 1922 1825 1977 Cr.
1844 1922 1884 1975 ad
1899 1923 1944 1975 tit.

405 2008 434 2060 Si
447 2007 507 2077 quis
521 2005 608 2073 itaque
619 2002 649 2056 ad
664 2019 775 2072 poenam
787 1999 860 2072 dupli
875 1999 1003 2070 egeritob
1017 1997 1136 2054 fraudent
1183 2001 1275 2072 ⁴¹1.sp
1293 2013 1311 2054 t.
1335 2013 1356 2052 4.
1370 2019 1393 2052 c.
1414 2008 1437 2051 t.
1452 2018 1480 2053 ιι.
1502 2011 1525 2051 s.
1544 2009 1571 2052 et
1586 2001 1619 2052 tit
1646 2015 1670 2054 a.
1688 2021 1710 2054 c.
1733 2015 1756 2054 ι.
1776 2023 1804 2056 ιι.
1826 2019 1849 2056 t.
1867 2007 1943 2058 Zoes.

368 2097 397 2147 in
417 2091 578 2166 ponderibus
597 2087 755 2148 admissam,
775 2101 808 2136 an
825 2081 904 2138 finito
917 2085 966 2137 hoc
985 2082 1084 2152 judicio
1101 2101 1130 2135 e·

1185 2089 1290 2138 Corum.
1310 2087 1347 2139 ad
1357 2083 1398 2157 ff.
1414 2085 1454 2137 tit.
1473 2086 1507 2138 de
1527 2085 1558 2136 0.
1572 2081 1599 2138 e't
1616 2087 1654 2139 A.
1678 2107 1706 2142 ιι.
1733 2099 1775 2141 ts.
1799 2101 1825 2141 et
1847 2089 1888 2155 rit,
1914 2091 1947 2142 de

369 2183 435 2235 tiam
448 2177 646 2245 delinquentem
662 2168 845 2222 Criminaliter
857 2185 977 2220 accusare
989 2167 1133 2238 possit,de
1174 2169 1250 2240 sure.
1271 2191 1298 2222 η,
1326 2181 1368 2222 28.
1390 2169 1550 2222 Wesenboe.
1570 2171 1700 2225 Famem,
1718 2171 1758 2224 m,
1785 2175 1817 2228 α..
1841 2175 1949 2228 privat,

368 2285 399 2318 ρο
418 2262 555 2336 praecipue
568 2265 685 2310 ureretur
705 2249 901 2304 controversia?
920 2251 1069 2304 Dubitandi
1089 2267 1130 2301 ra-

371 2351 472 2402 tionem
486 2342 637 2414 suppeditat
651 2339 737 2408 regula
746 2337 772 2387 iu
783 2337 872 2404 vulgus
885 2335 966 2388 etiam
982 2335 1131 2401 notissima3

371 2433 441 2502 qcrod
459 2429 525 2480 duae
542 2425 663 2497 poenales
683 2424 797 2476 actiones
817 2436 849 2472 ex
868 2438 920 2472 uno
939 2419 1007 2472 sacto
1024 2436 1133 2472 concur-

372 2527 460 2568 rentes
476 2531 528 2566 una
541 2527 588 2582 per
607 2509 718 2562 alteram
739 2507 860 2569 tollatur,
879 2503 935 2556 nisi
953 2500 982 2555 in
999 2521 1051 2556 una
1069 2503 1134 2574 quid

372 2599 485 2671 amplius
497 2597 542 2660 sit,
555 2612 633 2664 quam
647 2594 675 2644 iu
688 2592 778 2644 altera.
791 2591 849 2641 liae
862 2599 949 2641 tamen
962 2607 1015 2641 non
1028 2587 1135 2641 obstan·

373 2696 399 2738 te
412 2681 592 2756 arripiendam
601 2676 747 2748 putaverim
759 2671 954 2728 affirmantium
963 2673 1133 2737 senteutiam,

373 2771 503 2822 nimirum
517 2783 569 2818 uno
585 2763 686 2835 judicio
698 2758 777 2814 linito
791 2777 868 2830 posse
886 2767 1001 2812 actorem
1020 2757 1053 2810 ad
1072 2757 1136 2809 alte·

375 2873 436 2908 rum
454 2849 592 2924 progredi3
611 2865 675 2917 quae
695 2846 752 2917 ipsa
772 2844 901 2897 sententia
920 2835 1086 2896 fulcimentis
1105 2857 1138 2893 ex

375 2945 432 3010 jure
451 2935 598 3006 desumptis
610 2951 662 2985 non
676 2929 839 2990 destituitur;
851 2927 957 2998 probari
971 2927 1044 2979 enim
1052 2933 1139 2994 potest

377 3023 469 3076 eadem
489 3037 523 3073 ex
541 3021 575 3072 L.
599 3022 652 3074 Un-
671 3017 703 3070 C.
724 3011 834 3086 quando
853 3011 932 3067 Ciaii.
951 3020 1002 3065 act.
1021 3009 1138 3065 Crimin.

374 3108 524 3181 praejudic.
538 3103 584 3156 ubi
595 3103 658 3155 haec
671 3097 845 3153 constituitur
857 3097 959 3166 regula:
978 3094 1091 3165 Quoties
1108 3095 1140 3149 de

376 3190 547 3262 resumiliari
557 3199 584 3242 et
595 3185 694 3243 Civilis
707 3195 733 3238 et
745 3182 908 3238 Criminalis
920 3179 1046 3252 competit
1058 3180 1140 3248 actio,

376 3287 491 3351 utraque
508 3277 587 3330 licere
605 3273 736 3344 experiri,
757 3287 806 3322 nec
824 3271 967 3334 interesse,
986 3269 1046 3320 sive
1064 3267 1142 3337 prins

382 3361 554 3421 Criminulis,
572 3360 628 3410 sive
649 3355 748 3409 Ciuilis
766 3364 841 3406 mota
864 3352 907 3403 sit.
927 3353 968 3404 De
986 3351 1064 3420 hujus
1081 3353 1141 3422 qui·

379 3451 440 3500 dem
458 3447 572 3515 Regulae
585 3443 694 3498 veritate
710 3459 739 3492 nc
752 3437 923 3507 generalitate
935 3439 1005 3490 inter
1024 3437 1076 3488 Dd.
1095 3456 1142 3489 ιιι-

380 3533 424 3582 xie
436 3530 599 3599 disputatur,
618 3522 664 3576 sed
681 3539 710 3574 ea
729 3519 762 3573 ad
781 3521 850 3572 hune
864 3521 949 3572 locum
961 3519 1069 3589 proprie
1088 3535 1140 3570 non

379 3616 526 3686 pertinent,
539 3629 597 3663 curn
612 3607 680 3659 mihi
691 3601 807 3658 sufficiat
821 3605 849 3656 in
863 3603 950 3674 specie
964 3601 1141 3656 demonstras-

382 3717 420 3760 se,
432 3697 560 3749 actionem
573 3693 679 3746 cirilem
697 3689 732 3742 ob
746 3690 810 3743 ialsa
825 3687 956 3760 pondera,
974 3705 1028 3740 non
1049 3689 1141 3742 tollere

381 3779 562 3840 criminalem,
577 3787 605 3828 et
621 3787 723 3840 contra;
734 3773 804 3847 quod
816 3775 903 3846 ipsum
921 3787 974 3824 nou
995 3781 1095 3824 tantum
1108 3789 1141 3824 ex

385 3868 456 3917 dicta
476 3864 562 3932 regula
581 3862 687 3930 colligo,
713 3859 861 3913 sedetiam
884 3873 918 3909 ex
941 3855 1030 3908 verbis
1052 3853 1141 3910 finali-

381 3951 432 4002 bus
445 3948 469 4001 ἆ.
490 3949 507 3999 i.
531 3947 610 4000 Unio.
628 3947 674 3998 ubi
688 3945 721 3997 de
740 3944 799 3998 salsi
817 3942 930 3995 crimine
948 3951 1084 4012 postquam
1101 3943 1141 3994 ci-

386 4035 476 4086 viliter
487 4041 589 4094 actum,
603 4032 683 4084 etiam
697 4030 780 4083 adhue
798 4027 975 4082 criminaliter
992 4025 1033 4094 agi
1053 4042 1143 4095 posse,

387 4117 502 4186 exempli
516 4116 571 4168 locu
584 4131 706 4184 expresse
720 4115 866 4182 subjicitur.
880 4114 939 4165 darn
955 4109 1143 4178 veroquodhoc

386 4200 503 4260 crimen,
524 4201 572 4251 suh
592 4197 656 4252 laiso
675 4200 855 4260 contineatur,
874 4197 972 4247 clarum
986 4202 1027 4246 est
1039 4209 1071 4242 ex
1086 4191 1112 4242 d.
1126 4191 1143 4242 l.

386 4303 540 4338 ιιιιιιοιιαιιι.
558 4283 580 4356 ᾗ.
613 4297 635 4335 4.
654 4295 679 4336 et
699 4284 724 4334 d.
743 4283 761 4334 l.
778 4303 839 4350 pen.
848 4278 888 4349 ff
907 4281 940 4332 de
953 4278 1026 4347 sals.
1044 4280 1082 4329 Ut
1100 4295 1146 4346 per

385 4387 558 4441 consequeus,
573 4379 709 4440 postquam
723 4369 818 4438 aliquis
828 4369 862 4420 ob
875 4366 993 4420 fraudem
1006 4362 1147 4415 admissam

1183 2257 1270 2310 delict.
1291 2277 1321 2309 ιι.
1340 2265 1363 2306 4.
1383 2253 1533 2324 ibidemque
1552 2255 1605 2306 Dn.
1618 2256 1707 2308 Hahn·
1727 2264 1755 2308 et
1773 2255 1900 2310 Bacchor.
1917 2258 1948 2310 in

1184 2355 1242 2396 not.
1260 2343 1347 2411 cujac.
1375 2340 1485 2393 Observ.
1507 2337 1553 2391 iib-
1578 2351 1603 2392 t.
1622 2358 1644 2392 c.
1671 2351 1713 2392 24.
1737 2343 1810 2394 Patr.
1836 2341 1947 2409 Gregor.

1185 2425 1324 2480 Tholosau.
1342 2425 1483 2494 Syntngm.
1503 2423 1549 2476 tit.
1572 2433 1612 2474 44.
1632 2441 1653 2477 c.
1675 2433 1719 2475 44.
1738 2443 1766 2476 ιι.
1787 2435 1812 2475 2.
1830 2427 1944 2477 tttaranc

1186 2510 1215 2562 itt
1234 2507 1341 2578 specui·
1360 2524 1421 2560 uter.
1440 2511 1479 2561 P.
1500 2516 1523 2557 4.
1551 2505 1623 2560 Dist.
1649 2518 1669 2558 t.
1690 2527 1718 2560 ιι.
1747 2525 1771 2564 s.
1792 2507 1892 2560 Bartol·
1917 2509 1954 2561 ud

1187 2593 1220 2643 L.
1239 2591 1374 2643 interdum
1395 2597 1419 2639 4.
1434 2587 1468 2640 de
1485 2589 1559 2659 publ.
1573 2587 1634 2658 jud.
1658 2591 1740 2642 etad
1759 2593 1791 2642 L.
1811 2601 1835 2641 2.
1848 2589 1877 2662 fi.
1892 2597 1955 2646 Hoc

1186 2676 1282 2731 edicto.
1293 2674 1334 2746 ff.
1362 2677 1398 2730 Vi
1408 2676 1588 2744 bononrupt.
1600 2672 1794 2744 ubisusirsime
1812 2678 1845 2731 de
1864 2698 1895 2731 eo
1913 2681 1954 2732 ‹li-

1185 2763 1290 2836 squirit.

1226 2850 1286 2902 Stat
1303 2865 1364 2917 ergo
1375 2848 1469 2901 littore
1482 2849 1586 2920 puppis.
1601 2849 1641 2900 Tu
1648 2839 1662 2912 ,‘
1675 2847 1766 2900 Lector
1778 2849 1897 2913 cordate,
1917 2851 1951 2902 il-

1187 2935 1241 2986 lius
1255 2931 1438 3003 iustinianaei
1453 2949 1564 2989 memor;
1582 2932 1613 2983 in
1634 2930 1705 2983 nullo
1719 2932 1840 2986 aberrare
1851 2933 1957 2987 divinae

1190 3018 1283 3088 utique
1305 3015 1399 3079 solius,
1419 3032 1473 3067 non
1497 3013 1619 3067 mortalis
1649 3016 1812 3070 constantiae
1835 3034 1903 3080 esse,
1923 3019 1958 3070 L.

1190 3101 1276 3154 Dedit
1293 3099 1385 3154 nobis.
1409 3111 1433 3151 t.
1455 3099 1484 3151 C.
1502 3099 1537 3150 de
1562 3101 1594 3151 V.
1615 3101 1637 3152 1.
1660 3099 1696 3150 E.
1717 3099 1739 3151 si
1757 3100 1886 3169 lapsuset
1910 3119 1957 3168 ego

1190 3183 1288 3258 alicubi
1309 3185 1378 3249 sim,
1395 3181 1441 3234 des
1465 3181 1515 3234 hoc
1533 3181 1706 3237 humanitati.
1727 3183 1756 3236 Si
1776 3184 1955 3236 illimitatiora

1190 3268 1317 3340 quaedam
1334 3265 1489 3332 rideantur,
1508 3264 1554 3317 des
1573 3265 1676 3335 ingenii
1695 3267 1829 3320 tenuitati.
1848 3267 1956 3320 Etenim

1190 3351 1223 3402 ad
1241 3350 1363 3405 Lesbiam
1375 3349 1465 3402 omnia
1476 3351 1626 3404 examinare
1640 3351 1780 3420 Regulam,
1792 3362 1821 3405 et
1834 3351 1955 3402 materiei

1192 3435 1343 3489 intricatior
1354 3434 1457 3488 indoles
1466 3443 1510 3498 ,et
1521 3436 1650 3506 temporis
1662 3437 1772 3506 penuria
1786 3435 1953 3506 prohibuere.

1192 3520 1304 3574 Veniam
1320 3521 1408 3590 itaque
1421 3519 1445 3572 si
1458 3517 1577 3582 dederis,
1593 3535 1622 3571 ee
1646 3519 1704 3588 ipsa
1723 3519 1756 3571 ad
1776 3520 1874 3586 majana
1893 3536 1954 3582 sup·

1190 3602 1323 3674 peditabis
1346 3603 1559 3656 incitamentum.
1574 3603 1615 3655 'l'u
1628 3602 1667 3656 rel
1692 3603 1781 3655 Mome
1805 3604 1848 3656 vel
1868 3605 1956 3656 nttme

1191 3689 1354 3742 Hesiodiano
1373 3690 1420 3742 illu

1190 3781 1341 3838 contentus,
1354 3772 1408 3824 abi.
1421 3773 1463 3824 Tu
1485 3789 1547 3826 rero
1566 3790 1581 3824 o
1598 3769 1707 3825 Summe
1725 3789 1815 3824 rerum
1831 3770 1958 3834 Arbiter,

1191 3854 1237 3930 qui
1259 3856 1406 3928 Spiritum,
1420 3875 1524 3928 pacem,
1544 3873 1573 3908 ac
1592 3857 1662 3908 vires
1679 3855 1712 3907 ad
1731 3855 1798 3908 hanc
1816 3865 1957 3925 pertexen-

1191 3942 1342 3996 damietam
1355 3941 1464 4012 largitus
1478 3940 1686 3993 clementissime
1707 3957 1750 4002 es,
1769 3941 1798 3992 in
1819 3949 1954 4010 posterum

1193 4044 1293 4097 quoque
1305 4025 1443 4080 conamina
1455 4043 1511 4080 mea
1519 4024 1720 4096 exoptatissimo
1732 4023 1786 4078 line
1799 4025 1877 4076 heare
1889 4019 1958 4074 haud

1195 4109 1346 4180 dedignare.
