4424 6340
739 626 1075 706 otsrurn'sso
1102 625 1308 702 'tunm
1418 743 1420 749 A

992 798 1053 855 on

384 947 927 1072 subducentes
962 951 1063 1061 dli
1098 944 1662 1075 utuuduuuttts.

570 1165 633 1218 ΔΙ)
663 1159 1487 1217 1.r.rtt.o1rtsxrnt01to.ctttn111t.

754 1330 807 1372 DlE
834 1332 889 1374 21.
914 1330 1002 1372 FEBR.
1026 1327 1110 1371 Allllo
1134 1329 1297 1376 nnctxvtt.

861 1481 1187 1538 aaarounrnrr

690 1610 835 1679 rosso
863 1607 1355 1698 nnnarconnoon1r10‚

817 1785 998 1844 suffito.
1018 1785 1232 1846 WESTPHAI..

777 1975 1275 2014 -...,,........

350 2159 484 2252 QUOD
507 2159 653 2227 FELIX
677 2155 997 2247 FAUSTUMQUE
1020 2155 1203 2224 JUBEAT
1227 2156 1483 2226 SUPRElllUlll
1507 2155 1681 2240 NUMEN,

830 2410 1224 2482 PRAEFATIO.

244 2540 364 2750 Qui
381 2667 532 2772 sequiora
549 2666 629 2732 baec
645 2677 755 2733 nostre
777 2666 903 2734 dixerit
925 2665 1053 2746 Secula,
1078 2665 1171 2757 quod
1194 2669 1235 2734 ad
1258 2670 1408 2738 cribrum
1431 2669 1566 2752 dixerit,
1591 2691 1660 2735 non
1683 2667 1822 2734 dubita·

240 2782 337 2824 mus:
362 2757 499 2850 Quippe
523 2757 550 2824 si
574 2779 744 2846 unquam,
768 2769 856 2824 certe
880 2780 959 2824 aevo
983 2775 1094 2822 nostro
1117 2757 1273 2824 Hominis
1297 2783 1417 2828 nomen
1443 2761 1552 2826 Homo
1575 2759 1704 2826 exuisse
1729 2759 1822 2826 vide·

240 2861 307 2916 tur.
330 2847 425 2938 Quos
447 2848 539 2915 enim
563 2846 664 2912 socios
687 2847 751 2912 sibi
774 2849 989 2914 constituerat
1005 2846 1152 2932 Natura,
1176 2847 1269 2936 Quos
1292 2852 1470 2918 arctissimo
1493 2850 1558 2916 sibi
1583 2849 1717 2916 vinculo
1741 2854 1821 2940 jun-

133 3005 135 3008 .
240 2950 334 3006 xerat
358 2939 524 3026 invicem,
549 2937 617 3002 llos
640 2937 753 3018 turbat
775 2961 984 3028 summopere
1014 2937 1294 3004 maleseriatorum
1321 2940 1443 3021 libido,
1467 2963 1553 3044 quae
1577 2961 1643 3004 non
1666 2950 1820 3005 contenta

241 3029 322 3111 suis,
347 3027 465 3096 alicnis
488 3025 599 3094 inhiat
623 3027 823 3116 turpissime.
848 3027 942 3094 Adeo
958 3029 994 3092 in
1011 3011 1154 3094 diiersas
1177 3041 1286 3116 partes
1298 3051 1334 3098 ac
1349 3043 1529 3100 contrarias
1543 3027 1643 3118 plane
1659 3051 1718 3096 nos
1732 3029 1822 3120 rapit

241 3119 430 3186 animorum
454 3117 642 3200 diversitas,
664 3117 748 3185 dum
773 3141 897 3209 pronus
918 3117 1064 3221 quisque
1086 3128 1133 3182 est
1157 3117 1199 3184 ad
1222 3119 1363 3208 injurias
1385 3120 1482 3186 alteri
1504 3115 1707 3201 inserendas,
1724 3119 1821 3208 plane

241 3207 325 3298 quid
352 3209 513 3276 societatis
536 3209 722 3274 communis
744 3209 917 3277 vinculum
942 3207 1082 3298 flagitet,
1106 3230 1173 3272 non
1198 3219 1336 3276 attento.
1354 3209 1492 3276 Etenim
1516 3221 1555 3274 ut
1578 3208 1662 3274 alter
1685 3208 1823 3274 alterius

242 3298 421 3367 commodis
445 3297 648 3390 invigilaret,
672 3295 796 3364 Natura
820 3297 1029 3366 intendebat:
1047 3297 1112 3364 Sed
1129 3315 1305 3388 postquam
1325 3299 1531 3390 corruptelae
1549 3299 1712 3388 pessimae
1733 3321 1823 3364 mor-

243 3389 364 3455 talium
388 3392 577 3455 invaserant
599 3387 754 3469 actiones,
779 3389 983 3455 contrarium
1007 3389 1150 3453 intentio
1173 3401 1315 3456 assecuta
1339 3389 1501 3457 effectum.
1517 3389 1666 3454 Ruinam
1687 3387 1824 3454 alterius

242 3481 326 3548 alter
349 3502 453 3570 prono
477 3480 604 3568 impetu
628 3477 821 3564 meditatur,
845 3499 878 3547 et
900 3477 1068 3544 interdum
1094 3479 1174 3568 ipse,
1198 3478 1294 3544 modo
1317 3480 1412 3546 alteri
1435 3479 1494 3546 bac
1517 3480 1644 3544 ratione
1660 3479 1822 3558 nocuerit,

243 3569 451 3637 incommoda
476 3569 595 3635 lubens
618 3569 656 3634 in
680 3591 714 3635 se
737 3571 884 3663 suscipit,
910 3570 1078 3636 insomnes
1101 3569 1169 3658 agit
1193 3581 1302 3635 noctes
1325 3588 1358 3636 et
1378 3569 1601 3637 convitiorum
1626 3569 1769 3658 impetu,
1794 3571 1823 3634 si

243 3687 285 3728 ex
309 3684 385 3730 vero
408 3681 475 3726 non
501 3660 617 3742 liceat,
643 3658 679 3723 in
703 3658 862 3726 Vicinum
890 3659 1093 3726 debacantur.
1118 3657 1214 3724 Adeo
1242 3682 1309 3724 uon
1338 3671 1493 3728 contenta
1522 3657 1676 3724 interiori
1705 3677 1821 3740 motu,

244 3751 390 3820 habendi
415 3749 560 3840 cupido,
585 3749 668 3815 dum
695 3749 874 3818 Vatiniana
903 3751 980 3816 odio
1008 3748 1112 3815 animi
1141 3749 1322 3838 corrumpit
1351 3773 1454 3818 sensa.
1485 3746 1552 3814 Sed
1582 3765 1615 3814 et
1641 3771 1728 3838 quae
1757 3750 1824 3816 ima

246 3855 358 3910 mente
381 3853 519 3932 reposta,
543 3854 638 3908 extus
662 3840 812 3930 expellit,
835 3839 933 3910 etad
957 3839 1156 3906 calumniam
1170 3861 1244 3904 suos
1267 3841 1355 3932 rapit
1370 3840 1522 3907 cultores.
1540 3839 1629 3904 Hinc
1645 3862 1732 3928 quae
1749 3842 1824 3928 jure

246 3956 316 4000 non
340 3943 478 4024 poterat,
502 3932 555 3999 rel
579 3933 744 4025 figmentis
768 3932 819 4000 rel
844 3930 1022 3998 mendaciis
1045 3929 1212 4036 acquirere
1236 3928 1301 3995 sibi
1326 3943 1473 3997 conatur.
1489 3927 1556 3996 Sed
1579 3951 1689 4020 neque
1713 3929 1824 3996 verbis

247 4034 402 4092 contente
426 4034 517 4088 tanta
543 4021 733 4090 mortalium
758 4022 965 4113 perversitas,
983 4039 1016 4086 et
1030 4021 1122 4087 lactis
1145 4018 1301 4100 ostendit,
1317 4020 1402 4113 quid
1415 4018 1698 4096 mentehacteuus
1713 4043 1824 4086 secum

246 4112 435 4181 ruminarit.
460 4112 548 4180 llinc
572 4115 610 4179 in
634 4112 761 4180 diversa
785 4125 890 4181 ruunt
913 4113 1043 4192 scelera,
1086 4107 1187 4177 uibus
1210 4107 1261 4174 rel
1286 4109 1448 4177 damnum
1464 4109 1614 4200 proximo
1636 4109 1824 4192 conciliare,

246 4205 298 4272 vel
322 4201 479 4271 eumdem
496 4205 592 4271 bonis
614 4204 682 4272 suis
704 4203 844 4293 spoliare
867 4215 1004 4296 queant.
1027 4135 1111 4268 Iride
1134 4222 1194 4266 nec
1217 4199 1252 4266 in
1275 4199 1419 4267 Publico
1439 4199 1638 4290 delinquere
1655 4211 1823 4290 verentur,

247 4297 333 4363 bona
358 4293 502 4362 aliorum
525 4295 634 4387 palam
657 4293 851 4378 auferendo,
875 4295 926 4361 rel
949 4294 1019 4362 rim
1041 4291 1115 4359 aliis
1137 4288 1321 4358 inserendo.
1339 4291 1448 4358 lllulto
1470 4292 1582 4358 minus
1606 4297 1625 4356 d
1647 4287 1824 4357 claudesti-

247 4389 301 4454 nis
323 4383 535 4454 Criminibus
558 4385 784 4453 abstinebunt.
809 4385 948 4490 Quippe
970 4382 1024 4452 bic
1046 4408 1080 4450 se
1103 4380 1233 4448 cautius
1256 4384 1394 4450 mercari
1419 4381 1554 4460 rident,
1577 4378 1660 4445 dum
1690 4380 1824 4445 remotis

247 4477 383 4544 arbitris
407 4489 524 4568 agunt,
548 4477 600 4547 vel
623 4476 717 4557 dum,
741 4479 834 4566 quod
857 4499 969 4543 animo
992 4473 1148 4542 fovebant
1171 4468 1288 4552 scelus,
1304 4473 1425 4540 minori
1439 4472 1581 4560 strepitu
1605 4468 1645 4535 ad
1670 4468 1823 4535 effectum

147 4587 150 4594 ’
247 4566 367 4636 deduci
393 4589 493 4657 posse,
509 4567 696 4636 advertunt.
712 4569 802 4636 Hinc
826 4581 874 4634 tot
896 4565 1165 4649 machinationes,
1179 4585 1265 4654 quae
1280 4561 1430 4656 quotidie
1443 4577 1615 4714 capessunt
1639 4560 1824 4624 incremen-

247 4669 291 4724 ta.
316 4657 405 4724 llinc
428 4671 477 4724 tot
499 4657 629 4740 scelera,
646 4681 735 4749 quae
758 4683 801 4726 ne
824 4662 988 4751 majorum
1011 4674 1097 4724 aetas
1120 4655 1173 4721 rel
1196 4653 1280 4722 vidit
1304 4652 1357 4723 vel
1379 4648 1467 4719 credi
1494 4652 1582 4715 isset.
1598 4647 1693 4737 Quid
1708 4671 1824 4714 causae

247 4749 373 4834 subsit,
395 4773 480 4842 quae
504 4749 583 4818 vitia
607 4750 683 4830 alat,
707 4774 774 4816 nou
797 4751 877 4816 adeo
900 4749 1085 4814 obscurum.
1110 4743 1279 4811 Scelerum
1303 4743 1486 4835 impunitas
1501 4741 1668 4833 integrum
1686 4738 1824 4806 absolvit

247 4853 423 4930 punctum.
448 4840 552 4924 Huic,
577 4839 605 4905 si
630 4863 734 4930 poena
757 4840 864 4920 adsit,
887 4838 1047 4905 Judicum
1070 4833 1213 4903 socordia
1236 4834 1448 4927 suffragatur,
1473 4831 1535 4923 qui
1560 4832 1613 4898 vel
1637 4829 1824 4920 sumptibus

273 4942 435 5014 arcentes,
459 4931 512 4998 rel
536 4931 670 5022 proprio
692 4931 783 4998 hiero
807 4929 984 5012 inhiantes,
1008 4926 1141 5018 publica
1164 4948 1207 4990 ne
1229 4924 1355 5017 liguut,
1380 4948 1440 4990 nec
1464 4922 1654 4990 facinorosis
1678 4920 1824 4987 bomini-

165 5047 167 5050 ·
247 4955 312 5088 lus
327 5018 519 5088 Provincias
533 5031 686 5114 purgant.
704 5021 815 5089 Facile
830 5022 945 5112 itaque
960 5017 1002 5084 ad
1019 5017 1109 5083 delin
1136 4949 1286 5082 nendum
1303 5015 1490 5082 invitantur
1505 5013 1569 5097 illi,
1585 5014 1644 5105 qui
1662 5035 1824 5078 manuum

248 5111 361 5178 labore
384 5113 541 5179 alimenta
566 5135 727 5204 quaerere
750 5113 815 5179 sibi
839 5111 1034 5192 detrectant,
1058 5119 1092 5175 et
1148 5131 1271 5174 acunae
1293 5107 1405 5190 litant,
1420 5105 1502 5172 dum
1527 5104 1687 5196 nequitiis
1702 5126 1736 5169 se
1752 5103 1824 5168 lau-

195 5212 202 5217 “
249 5203 377 5270 tissime
399 5205 577 5274 sustentari
602 5201 728 5269 rident.
753 5205 892 5294 Quippe
914 5199 958 5268 ad
979 5200 1086 5267 otium
1113 5197 1223 5288 proni,
1247 5197 1289 5264 ad
1312 5197 1431 5264 delicta
1454 5193 1544 5265 haud
1568 5193 1668 5263 inriti
1691 5193 1824 5282 rapicn-

250 5306 333 5375 tur,
355 5317 412 5384 spe
435 5295 647 5386 impunitatis
676 5293 813 5384 insuper
841 5293 882 5360 ad
910 5291 946 5358 id
975 5291 1086 5381 ipsum
1114 5289 1232 5356 allecti.
1256 5287 1396 5355 Interim
1424 5287 1596 5356 saeveriori
1629 5285 1823 5352 coercitione

252 5385 474 5476 prosequendi
497 5386 533 5454 hi
557 5385 676 5468 forent,
700 5409 744 5455 ue
766 5386 808 5455 ad
827 5383 946 5454 delicta
970 5385 1104 5473 majora,
1127 5377 1210 5446 dum
1233 5404 1251 5448 a
1274 5379 1424 5449 minimis
1447 5377 1625 5468 recipiunt,
1650 5373 1825 5466 prolaban-
