4478 6350
253 601 319 658 tiore
330 499 390 669 ingr:
410 591 642 671 progrediendum.
662 590 755 650 Primo
768 591 855 662 itaque
867 594 924 652 ioco
936 609 963 644 sa
976 609 1022 647 no·

252 697 319 742 strae
344 681 415 735 sistit
435 677 645 738 considerationi
670 679 853 732 loramentum
873 677 905 730 ab
927 677 1023 748 Agant.

252 781 326 825 aaute
349 765 520 836 praestitum,
540 763 602 827 nbi,
619 771 745 833 quantum
767 762 830 815 huie
849 761 1020 839 tribuendum

250 849 418 908 brevissimis
436 846 560 902 lustrabo.
575 846 633 898 Nun
652 855 736 900 autem
756 844 788 898 de
807 843 923 918 quelibet
941 844 1023 896 mori·

777 494 825 552 DE
844 491 1061 554 mninstro
1081 491 1334 559 AGONisz‘i'iS.

1724 511 1740 554 ι
1762 499 1778 552 8

1076 596 1222 661 uerenda,
1243 605 1270 654 ut
1288 595 1317 652 in
1336 593 1409 652 netto
1428 589 1454 654 ri
1472 593 1621 654 contradici
1649 497 1851 668 praesciuntur,

1074 679 1178 733 Novell.
1199 690 1240 733 tt.
1259 696 1282 733 e.
1304 688 1326 732 ι.
1345 676 1373 734 in
1384 674 1415 746 fl
1433 677 1562 734 Camillus
1581 679 1678 736 Rorell.
1695 679 1769 734 deris
1783 681 1848 740 uni.

1073 779 1137 820 erre.
1157 773 1205 820 tot·
1225 763 1284 816 orb.
1297 761 1398 820 enatet
1416 761 1457 819 tit·
1476 781 1504 818 ιι.
1526 775 1585 818 sot.
1600 767 1679 822 multo
1693 763 1778 834 magis
1792 765 1845 822 its·

1073 865 1123 919 que
1141 849 1226 915 jurate
1243 859 1301 900 ante
1319 847 1409 902 omnia
1430 845 1499 902 iuret
1518 847 1664 918 implenda,
1677 849 1738 920 qnia
1751 850 1847 906 enixae

249 937 333 996 buodi
351 939 433 1006 intrata
450 932 595 988 assertione
613 929 752 994 disseram,
772 930 820 986 sed
838 931 867 983 in
886 931 975 1001 specie
990 932 1023 985 de
1073 933 1213 988 voluntatis
1231 929 1361 986 indicium
1380 943 1419 987 est
1436 931 1626 1000 juramentumt
1641 932 1755 988 Enixius
1769 933 1842 990 enim

251 1022 428 1092 Jerrejurando
446 1039 459 1072 a
478 1018 610 1074 Moriente
627 1017 760 1087 praestito,
780 1015 927 1070 continente.
947 1035 1021 1072 mon-

250 1125 338 1166 strem
358 1123 419 1158 sune
438 1103 605 1168 subruendae,
625 1100 658 1154 de
675 1120 726 1170 quo
742 1101 855 1154 Novella
875 1110 916 1152 te.
936 1099 1021 1158 disse·

250 1191 327 1249 reati
347 1189 424 1246 nobis
442 1187 592 1258 suppeditat
613 1203 722 1250 ansam,
743 1185 776 1236 de
792 1185 853 1238 aliis
874 1185 1020 1253 Aponianu-

251 1275 317 1330 tiuro
335 1271 493 1340 intrumentis
511 1267 693 1341 sequentibus,
706 1265 838 1338 capitibus
850 1281 900 1338 pru
913 1283 941 1321 re
953 1276 1018 1332 ruta,

251 1356 454 1426 subjungemus·

286 1437 397 1494 intentio
409 1448 496 1492 autem
510 1434 681 1504 Imperatoris
699 1433 728 1486 in
747 1433 772 1488 d.
791 1435 859 1488 Noe.
876 1442 915 1483 te.
929 1431 1018 1502 biper-

249 1525 294 1580 tto
312 1523 497 1593 potissimum,
517 1521 581 1574 ιιιιιιι
600 1520 748 1574 Juraanenti
769 1517 936 1586 ngeniraotis
954 1517 1019 1572 elie-

1070 1017 1184 1072 rcluisse
1203 1015 1304 1084 ridetur
1323 1025 1439 1080 testator,
1459 1017 1635 1072 othonorum
1663 1016 1842 1086 descriptioni

1071 1114 1161 1167 stetur,
1176 1102 1199 1154 si
1211 1101 1330 1160 eamdem
1344 1102 1518 1171 jurisjurandi
1532 1102 1660 1171 religione
1671 1097 1844 1158 confirmeris

1072 1191 1103 1242 l.
1122 1205 1183 1242 curn
1199 1198 1278 1256 poter
1296 1197 1336 1240 ιι.
1352 1195 1372 1250 ι.
1381 1185 1466 1258 filius
1479 1197 1520 1241 ιι.
1530 1185 1572 1254 ff.
1592 1185 1618 1239 d.
1636 1189 1702 1257 leg.
1723 1198 1746 1240 ι.
1765 1187 1789 1240 ιι.
1809 1189 1843 1244 l-

1070 1290 1130 1325 enm
1149 1271 1210 1344 quis
1228 1269 1359 1326 decedent
1379 1283 1418 1327 st.
1433 1277 1454 1336 ς.
1470 1270 1539 1340 off.
1553 1272 1579 1324 d.
1592 1273 1649 1342 leg
1677 1285 1700 1325 ι.
1720 1274 1774 1326 Jec.
1789 1271 1842 1324 Cu·

1069 1359 1151 1426 ineius
1170 1359 1207 1414 ad
1223 1357 1249 1412 d.
1271 1360 1338 1411 Νοι.
1359 1367 1399 1412 ιι.
1418 1367 1445 1412 et
1463 1357 1508 1410 tit.
1538 1368 1577 1408 tt.
1605 1358 1662 1412 obe.
1683 1367 1725 1412 ιι,
1744 1357 1839 1412 marth.

1070 1443 1197 1512 Steplnn.
1217 1442 1257 1500 ad
1274 1442 1341 1496 Noe.
1363 1450 1403 1496 ιι.
1422 1459 1450 1496 ιι.
1472 1454 1496 1496 ι.
1515 1439 1620 1496 Carnill.
1639 1439 1737 1496 Borell.
1757 1441 1838 1494 decis.

1070 1526 1186 1581 univers.
1204 1524 1245 1577 tit.
1265 1538 1288 1578 ι.
1307 1525 1340 1580 de
1357 1524 1476 1594 consess.
1502 1543 1532 1579 ιι.
1560 1535 1617 1580 ιιι.
1644 1522 1676 1578 Et
1699 1523 1840 1595 dispositio

249 1619 318 1662 οιιιιιι
336 1604 501 1670 considerat,
520 1606 559 1656 rel
577 1603 678 1656 ratione
697 1601 839 1654 haeredum
859 1603 898 1652 rel
918 1601 1018 1656 mtiune
1068 1629 1169 1682 qnoque
1188 1611 1318 1680 generalis
1329 1629 1389 1664 euro
1403 1614 1552 1679 juramento
1567 1609 1620 1664 nim
1642 1609 1721 1664 babet
1734 1608 1838 1678 speetu.

248 1693 419 1748 ereditorum.
440 1693 518 1745 Prius
535 1687 684 1744 membrum
702 1688 771 1764 quod
790 1689 931 1752 concernit,
953 1689 1018 1742 banc
1068 1696 1102 1747 lis
1115 1705 1138 1748 et
1150 1695 1269 1764 expressi
1290 1711 1442 1755 eorasensus,
1461 1694 1500 1745 uti
1520 1709 1551 1746 ex
1573 1692 1654 1746 Andr.
1674 1693 1836 1762 Tiraqneilo,

250 1775 416 1832 fttntltmltii
435 1775 492 1826 low
511 1773 708 1828 lubsiet'llitltlls
727 1775 859 1838 regulam}
878 1776 1017 1825 Juttttnett·
1067 1780 1099 1831 dg
1125 1781 1180 1836 LL
1206 1779 1325 1832 conmsb,
1351 1779 1441 1832 Closs,
1462 1787 1484 1830 1,
1504 1795 1531 1830 η,
1554 1787 1613 1829 152,
1639 1785 1716 1828 1101,st
1741 1777 1840 1828 Exceli,

248 1873 305 1916 ιιιιιι
322 1859 355 1912 ab
377 1857 534 1928 Agonieaute
552 1858 704 1926 tameatitum
731 1872 861 1908 suaunamn
888 1855 1016 1910 mnarum
1069 1866 1121 1916 Dn.
1142 1864 1174 1918 Ι).
1192 1861 1252 1916 Jnla.
1273 1861 1417 1918 Brunnem·
1437 1870 1581 1918 nominent.
1599 1861 1837 1918 cotteanum-

249 1945 453 2010 determiuans,
480 1943 645 2015 praejudicat
669 1940 827 1996 iueredibus
852 1942 879 1994 Ιι.
904 1943 970 2000 Noa.
994 1958 1016 1994 c·
1068 1949 1157 2003 tiones
1178 1962 1201 2006 ι,
1223 1949 1258 2000 ιιι
1273 1948 1353 2021 ριοι.

254 2041 275 2086 ι.
302 2042 326 2086 et
349 2029 415 2086 ittde
449 2030 482 2081 ab
507 2028 609 2082 lruerio
638 2027 792 2094 transcripta
823 2025 908 2080 ΛιιιΙι.
941 2026 1020 2096 Quod
1105 2033 1182 2086 ntntt
1202 2042 1289 2087 autem
1310 2031 1416 2086 interest
1434 2031 1463 2084 ln
1483 2030 1614 2101 praesenti
1635 2031 1751 2100 negotio.
1771 2049 1834 2102 qno-

249 2117 361 2172 οόιίιιιι.
388 2119 420 2176 C·
447 2115 479 2167 de
511 2113 596 2168 Prob-
628 2114 703 2167 Ratio
739 2113 819 2179 hujus
845 2113 873 2166 in
901 2127 933 2162 no
956 2129 1018 2166 cort·
1069 2118 1147 2172 modu
1165 2117 1311 2188 descriptio
1329 2115 1455 2172 hunorum
1478 2117 1540 2171 lacta
1559 2115 1601 2178 sit,
1620 2133 1653 2168 an
1672 2115 1781 2187 propria
1800 2127 1837 2170 tn·

249 2204 336 2260 sistit:
359 2204 423 2276 qnia
449 2199 561 2270 Legibus
596 2197 720 2252 Romanis
748 2215 797 2252 una
824 2197 1018 2269 qtmdarumodo
1070 2204 1173 2258 statoris
1192 2221 1281 2267 manu,
1301 2219 1334 2260 en
1354 2202 1459 2255 alterins
1478 2200 1637 2272 cujuspiam,
1657 2218 1689 2252 nn
1709 2201 1786 2256 etiarn
1809 2201 1836 2254 iu

249 2289 352 2346 ridetur
369 2307 482 2360 persona
502 2305 561 2341 esse
579 2285 711 2351 haeredis,
732 2297 757 2339 et
773 2288 840 2354 ejus,
858 2285 944 2356 quiin
959 2303 1017 2340 enm
1070 2287 1128 2354 ipso
1150 2295 1309 2350 testamento,
1325 2285 1401 2340 modo
1420 2283 1534 2338 secundo
1554 2301 1615 2338 casu
1634 2283 1667 2336 ab
1686 2284 1744 2356 ipso
1762 2295 1838 2338 testu·

248 2375 604 2436 trarmmittithaereditatem,
624 2375 673 2426 bac
691 2373 794 2427 ll'ooell.
809 2383 898 2440 ιι.ρι.
913 2374 944 2428 Ia
958 2375 1018 2424 An·
1051 2425 1053 2432 ,
1070 2379 1124 2423 tore
1149 2369 1186 2422 sit
1207 2369 1365 2440 subscripta·
1390 2370 1457 2424 Nou.
1480 2379 1520 2422 ιι.
1540 2387 1563 2424 c.
1585 2381 1608 2420 ι.
1624 2385 1665 2435 ρι.
1684 2377 1713 2422 ιιι
1730 2365 1832 2434 nitger-

247 2464 361 2536 tr'quitas
383 2471 422 2514 tt.
444 2463 473 2513 C.
493 2460 526 2514 de
551 2455 644 2528 Issarfi.
664 2457 694 2512 si
712 2473 773 2525 ergo
785 2473 837 2511 uua
851 2457 971 2509 haeredis
987 2473 1017 2511 nc
1070 2454 1156 2506 versio
1174 2453 1244 2522 legit,
1263 2453 1416 2510 Heinnndee
1429 2471 1488 2506 nero
1502 2453 1531 2506 in
1544 2471 1589 2508 sna
1603 2451 1724 2506 versione
1743 2449 1836 2504 habnt:

247 2544 374 2600 metatoris
392 2558 504 2613 persona
522 2553 568 2607 est,
587 2543 764 2610 juramentum
782 2557 886 2609 quoque
903 2538 1019 2594 detonari
1070 2539 1116 2592 At
1134 2539 1191 2608 ipro
1209 2539 1379 2608 subsignata,
1392 2537 1461 2608 qnod
1479 2547 1581 2592 etcum
1601 2551 1693 2604 graeco
1712 2533 1838 2604 originali

250 2627 374 2686 haeredis
392 2645 449 2682 esse
467 2626 632 2696 intelligitur,
650 2637 676 2680 et
692 2625 740 2689 sio,
760 2624 784 2676 si
804 2623 890 2677 eidem
905 2641 957 2678 nou
972 2624 1019 2678 ob-
1070 2631 1144 2677 textu
1162 2625 1291 2688 convenit,
1304 2622 1349 2680 ubi
1361 2623 1423 2676 haec
1437 2621 1564 2678 habentur
1577 2620 1670 2675 rerba:
1686 2620 1745 2689 nep
1759 2620 1839 2672 aaran

249 2719 417 2781 temperaret,
434 2720 523 2764 contra
539 2709 680 2781 proprium
698 2707 1017 2774 tamnujunnmmn
1071 2703 1100 2760 di
1130 2708 1276 2781 decerpant
1293 2723 1375 2766 area.
1392 2717 1419 2762 ut
1443 2723 1492 2777 per
1516 2721 1698 2774 consequens,
1725 2705 1754 2757 in
1778 2719 1838 2758 ιιιιι

247 2794 364 2858 reniret,
383 2793 452 2864 qnod
470 2803 555 2848 tamen
573 2795 633 2861 jura
651 2807 705 2846 non
723 2790 885 2861 permittunt.
905 2787 930 2842 d.
950 2792 1018 2844 Νοι.
1070 2790 1233 2862 praesertim,
1251 2790 1297 2843 ubi
1316 2791 1377 2859 qnis
1395 2791 1482 2844 literas
1494 2789 1608 2842 formare
1623 2787 1738 2857 ignarus,
1751 2787 1838 2841 snbsi·

251 2890 294 2934 es.
311 2878 340 2932 in
349 2876 407 2949 fin·
422 2895 463 2946 pr.
483 2878 514 2929 L.
532 2875 560 2930 ri
571 2875 764 2944 procuratorio
782 2883 806 2927 ι.
817 2879 838 2938 §.
850 2871 900 2926 sed
911 2871 937 2926 si
949 2871 1020 2928 elien
1069 2875 1155 2942 guntin
1172 2873 1296 2930 sufficiat.
1309 2875 1363 2928 Nee
1375 2876 1492 2939 interest,
1505 2883 1589 2930 utrum
1603 2873 1727 2928 haeredes
1746 2871 1838 2926 absen·

254 2975 276 3015 ι.
286 2961 328 3032 ff.
347 2963 454 3034 qnamd.
474 2961 568 3031 αρριιι.
587 2961 618 3014 b.
644 2958 818 3016 Generaliter
844 2967 883 3009 tt.
903 2953 972 3026 ins
991 2957 1018 3012 C.
1068 2969 1105 3012 tes
1117 2959 1177 3026 sint,
1192 2977 1224 3016 en
1244 2971 1402 3032 praesentes,
1415 2967 1460 3014 aut
1472 2973 1534 3030 pars
1547 2973 1639 3010 eorum
1654 2956 1760 3020 absens,
1773 2973 1839 3026 pres

250 3048 284 3102 de
301 3065 377 3104 num.
392 3065 449 3118 ριι.
468 3047 556 3100 Gloss.
569 3045 595 3099 d.
610 3048 677 3100 Νοι,
699 3056 739 3100 ιι,
756 3058 795 3112 pr.
814 3039 951 3096 &aradae
964 3041 1020 3094 titt-
1069 3059 1204 3113 praesens,
1223 3045 1247 3099 d.
1266 3063 1288 3098 e.
1311 3057 1333 3100 t.
1350 3061 1390 3112 pr.
1409 3045 1466 3098 Non
1486 3043 1559 3098 enim
1577 3059 1643 3112 opus
1661 3053 1698 3097 est
1716 3041 1837 3114 ipsorum

248 3132 398 3188 tersbusius
410 3129 516 3202 neptia.
531 3129 595 3184 Nor.
606 3141 679 3199 part.
694 3141 717 3184 ι.
730 3147 751 3184 a.
767 3139 790 3184 ι.
803 3144 830 3182 ιι.
846 3135 870 3177 ι.
886 3122 1019 3180 liniendus
1071 3129 1229 3199 praeseutia,
1247 3129 1293 3183 ulai
1312 3129 1357 3181 ille
1375 3129 1445 3183 ndail
1462 3138 1596 3198 operatur,
1612 3137 1640 3183 ut
1654 3129 1702 3180 hnc
1721 3126 1751 3179 in
1768 3143 1838 3194 casu,

249 3239 263 3274 a
283 3218 359 3270 Valle
376 3215 433 3272 vol.
453 3225 476 3268 ι.
494 3231 569 3272 cons.
590 3227 631 3270 ιι.
652 3233 679 3268 ιι.
700 3222 743 3269 ιι.
761 3212 793 3267 lit
809 3212 1021 3281 quamrisdura-
1070 3215 1169 3286 quippe
1188 3215 1215 3268 id
1236 3215 1263 3268 in
1282 3213 1412 3268 testatoris
1430 3213 1543 3266 arbitrio
1562 3212 1657 3276 silum,
1677 3211 1837 3266 haeredibus
1901 3275 1906 3288 Ι

247 3313 366 3360 utentum
378 3317 409 3356 ιι
424 3316 497 3372 perte
512 3298 622 3369 jurantis
634 3299 666 3356 tit
680 3296 928 3370 porsonattsatmnn
940 3293 1021 3365 qulp·
1071 3301 1126 3354 suis
1146 3299 1333 3371 praejudicare,
1351 3309 1379 3352 ut
1397 3299 1495 3353 exinde
1508 3296 1541 3351 ‹le
1555 3296 1656 3352 uticae
1674 3296 1841 3354 differentiae

247 3390 321 3463 piam
346 3405 405 3458 cap.
436 3396 475 3440 ιι.
503 3388 536 3440 Χ.
565 3385 596 3438 de
616 3383 735 3455 jurejnr.
768 3381 821 3434 Du.
852 3378 885 3430 D.
919 3377 1022 3432 Bruun.
1073 3401 1124 3436 non
1138 3384 1174 3436 sit
1186 3383 1367 3450 laborandum,
1383 3397 1462 3451 quare
1475 3381 1647 3436 inventarium
1667 3380 1842 3436 creditoribus

249 3474 284 3526 de
299 3487 408 3536 process
434 3470 503 3528 nicil.
524 3487 547 3523 o·
570 3481 610 3523 ιι.
631 3487 659 3522 ιι.
681 3478 704 3518 ι.
725 3467 776 3520 tta.
804 3462 903 3518 Bened.
928 3463 1021 3534 Carpe.
1073 3465 1226 3522 absentibus
1244 3477 1272 3520 et
1289 3485 1342 3522 oon
1367 3467 1457 3519 citatis
1477 3481 1530 3520 non
1549 3466 1731 3535 praejudicet,
1752 3483 1784 3521 ex
1804 3483 1842 3520 ιιι

244 3569 318 3628 ριιιι.
341 3571 363 3610 ι.
381 3564 468 3610 const.
486 3564 528 3606 st.
543 3551 598 3624 defi
618 3565 659 3604 ιι.
680 3571 707 3604 ιι.
729 3564 752 3604 ι.
775 3551 829 3603 imo
846 3550 1022 3618 jurameutum
1074 3552 1140 3606 Noe.
1164 3564 1186 3605 t.
1204 3569 1226 3606 c.
1250 3565 1271 3604 ι.
1292 3549 1452 3610 Autumni
1474 3567 1535 3606 cum
1560 3560 1682 3607 testator.
1701 3553 1733 3610 C.
1754 3549 1794 3608 nd
1811 3555 1841 3608 l.

248 3653 288 3696 est
309 3641 442 3696 vinculum
462 3639 612 3710 spirituale,
625 3647 653 3690 el
668 3636 726 3688 ideo
741 3649 823 3690 morte
834 3635 944 3703 iurantis
958 3631 1021 3687 fini·
1074 3635 1152 3692 Fata.

248 3737 310 3788 tur,
331 3734 359 3778 ιιι
378 3741 425 3796 per
450 3739 611 3792 consequens
634 3739 688 3780 uon
713 3721 834 3774 rideatur
859 3720 970 3775 transire
988 3717 1021 3774 ad
1109 3720 1307 3791 praejudicium
1336 3721 1425 3795 itaque
1456 3731 1555 3775 creatur
1582 3719 1689 3776 haereti
1714 3739 1764 3792 per
1791 3720 1844 3775 tale

249 3807 562 3870 haereditandorum
589 3804 771 3860 tantummode
798 3805 917 3878 procedit
937 3804 1021 3876 quood
1071 3807 1258 3874 juramentum,
1278 3809 1311 3863 ite
1329 3821 1357 3862 ιιι
1374 3810 1421 3862 hac
1441 3810 1545 3863 ratione
1556 3809 1645 3863 omnis
1658 3825 1720 3862 ensa
1732 3807 1841 3865 ulterius

247 3905 350 3952 reatum
370 3891 491 3966 perjurii,
508 3907 562 3943 non
581 3907 644 3943 vero
662 3889 745 3960 quoad
766 3887 911 3942 eibraciam
926 3899 950 3942 et
965 3890 1019 3942 rim
1072 3890 1101 3943 in
1114 3891 1286 3947 substantiam
1298 3890 1416 3946 defuncti
1430 3889 1582 3964 inquirendi
1597 3891 1650 3962 ipsi
1664 3892 1698 3946 sit
1710 3891 1844 3964 adempta,

248 3977 397 4049 obligandi,
415 3993 481 4047 quac
499 3976 590 4030 ιιιιιιίι
609 3975 638 4028 in
658 3971 806 4035 haeredem,
827 3983 851 4028 et
868 3975 916 4028 boo
931 3991 1018 4046 respe-
1069 3992 1121 4044 per
1132 3977 1158 4029 d.
1172 3979 1240 4030 Nou.
1257 3986 1297 4030 ιι.
1316 3995 1339 4030 c.
1362 3990 1384 4031 ι.
1400 3993 1442 4047 ρι’.
1461 3977 1496 4030 Et
1512 3995 1562 4047 per
1576 3993 1738 4046 consequens
1751 3979 1842 4048 suspi-

248 4077 293 4122 etu
312 4079 365 4118 non
380 4061 523 4135 personale,
540 4057 587 4112 sed
607 4060 675 4112 reale
692 4057 757 4129 quid
775 4067 816 4110 est
833 4059 1017 4125 juramentum,
1071 4061 1111 4114 ein
1129 4081 1210 4132 quoq:
1231 4061 1342 4128 sublata,
1361 4081 1391 4116 ec
1410 4063 1434 4116 si
1453 4061 1555 4132 aliquid
1574 4079 1606 4115 ex
1627 4061 1704 4114 rebus
1725 4061 1844 4118 deteneat

249 4169 309 4223 arg·
331 4151 360 4202 L.
377 4165 438 4201 cam
458 4143 668 4220 antecendens
688 4152 729 4196 ³⁷·
749 4150 770 4204 i·
788 4141 923 4200 codicillis
943 4139 1018 4211 ιιι.
1069 4163 1151 4217 penes
1168 4146 1338 4201 cohaeredem
1351 4159 1430 4201 esset:
1450 4148 1573 4218 Simplex
1591 4145 1664 4200 enim
1682 4145 1840 4218 obsequium

248 4239 275 4292 d.
290 4239 353 4306 leg.
373 4245 396 4287 ι.
415 4242 443 4287 ιι
459 4231 497 4285 ad
512 4231 538 4284 el.
557 4233 589 4288 l.
610 4229 705 4283 Bartol.
725 4246 752 4280 ιι.
775 4237 816 4279 to.
835 4226 866 4280 Et
884 4228 1018 4294 jannen-
1068 4233 1126 4300 jure
1144 4231 1177 4284 ab
1195 4231 1306 4286 haerede
1324 4233 1464 4304 requirunt
1483 4235 1530 4286 bno
1550 4248 1621 4296 casn,
1639 4239 1768 4302 potestate
1788 4249 1837 4284 rre-

248 4335 304 4378 ιιιιιι
322 4329 449 4390 quantum
468 4315 501 4369 ad
519 4314 754 4388 spiritualitatem,
774 4328 840 4382 quae
858 4312 910 4364 sibi
930 4311 1018 4375 inest,
1072 4314 1250 4392 iurpappoam
1269 4327 1480 4386 etonenpaarera
1511 4317 1625 4370 sublatas
1660 4316 1777 4384 ntilmp·
1803 4317 1845 4370 lo-

248 4422 304 4460 uoo
323 4403 419 4456 transit
434 4401 467 4454 sd
486 4413 659 4452 successorem
673 4396 797 4465 jurantise
811 4411 884 4448 secan
894 4407 1018 4466 qnantum

248 4490 282 4544 ad
301 4488 380 4543 robtrr
397 4493 553 4547 conmotus,
571 4485 633 4556 qnia
652 4482 734 4538 robur
745 4492 771 4538 et
787 4481 856 4534 sires
869 4481 1018 4551 assumpsit

248 4577 282 4628 de
300 4571 458 4648 praeterito,
482 4585 535 4623 nun
553 4586 566 4620 a
587 4567 729 4641 principio,
749 4577 773 4621 et
791 4585 805 4618 a
825 4581 936 4638 persona
957 4566 1014 4619 hae·

248 4658 322 4713 redis
340 4656 420 4712 robur
438 4671 492 4710 uon
510 4654 643 4717 metimur,
655 4653 691 4705 nti
703 4668 737 4705 ex
749 4650 831 4704 (inid.
844 4649 943 4720 singul.
958 4657 1016 4701 ιιι.

248 4757 276 4800 ιι
295 4755 354 4797 ιιι.
373 4743 439 4798 dicit
458 4741 538 4796 Andr.
552 4740 616 4793 Gaii
644 4739 689 4792 tin.
712 4750 734 4789 ι.
754 4738 812 4792 obs.
826 4748 865 4790 ιι.
880 4743 938 4790 ιιι
964 4735 1017 4790 Do.

249 4831 342 4904 Carpe.
357 4847 383 4901 ρ.
406 4840 429 4882 ι.
447 4835 534 4882 rann.
555 4837 597 4879 tn.
617 4822 672 4892 eigs]
692 4835 715 4876 ι.
735 4840 761 4875 ιι.
782 4839 838 4894 seq.

286 4915 389 4969 Deinde
407 4923 432 4970 et
448 4911 481 4969 ab
499 4911 613 4964 absurdo
632 4910 750 4978 regulam
771 4906 889 4980 superius
915 4919 1016 4977 propo·

249 5003 325 5056 sitam
344 4995 486 5055 confirmat
503 4999 666 5068 imperator,
686 4991 806 5048 videlicet
821 4992 938 5064 aliquem
955 4987 1018 5042 sub-

249 5088 359 5142 stantiae
378 5083 517 5140 haeredem
536 5079 597 5134 lieri
615 5091 640 5135 et
658 5079 687 5131 in
705 5095 736 5130 eo
754 5077 933 5150 acquiescere,
952 5089 1018 5147 quae

249 5187 311 5224 nero
328 5167 458 5238 disposita
471 5173 558 5219 sunta
572 5172 705 5224 testatore,
716 5173 740 5215 et
751 5161 858 5233 quidem
872 5179 932 5214 eum
946 5163 1018 5230 lure·

250 5253 362 5325 jurando
374 5253 516 5324 negligere,
530 5248 660 5303 arcadem
673 5247 815 5300 secundum
830 5255 1019 5321 competentem

251 5340 357 5395 uto-lum
379 5339 450 5394 nolle
468 5347 524 5394 rata
545 5337 649 5398 babere,
668 5333 693 5386 d·
712 5325 781 5385 Noe.
804 5343 845 5387 ιι.
859 5352 904 5404 ρι.
916 5351 976 5386 cum
998 5341 1023 5385 ct

251 5429 364 5502 simplex
382 5423 501 5480 defuncti
521 5423 669 5478 volutam
688 5419 883 5474 suecessoribus
905 5421 961 5490 ejus
982 5417 1018 5470 ita
1044 5375 1047 5445 Ι
1080 5437 1167 5478 aaran:
1188 5419 1265 5495 Quod
1284 5421 1308 5475 is
1325 5419 1490 5474 assistentiae
1510 5418 1604 5474 modos
1622 5435 1679 5473 esse
1697 5416 1839 5485 rideatur,

1068 4401 1157 4475 quitur
1172 4400 1196 4454 d.
1211 4419 1233 4456 e.
1252 4412 1272 4455 t.
1285 4417 1328 4470 pr.
1341 4401 1376 4453 Et
1388 4400 1451 4453 haec
1469 4399 1527 4469 ipsa
1547 4399 1705 4469 generaliter
1718 4397 1841 4465 intelligo

1069 4495 1123 4538 tam
1142 4485 1241 4540 ratione
1260 4482 1436 4537 cohaeredum
1455 4501 1534 4552 qnam
1554 4494 1748 4544 extraneorum,
1768 4491 1795 4536 ut
1815 4485 1845 4534 in

1069 4581 1175 4639 utroque
1188 4568 1294 4624 bneredi
1309 4567 1450 4639 inquisitio
1462 4583 1550 4620 rerum
1560 4564 1795 4619 haereditariarum
1810 4565 1846 4621 sit

1068 4654 1202 4724 denegata.
1221 4654 1252 4708 lit
1269 4669 1426 4722 quamquam
1451 4651 1560 4704 Novella
1580 4651 1609 4704 in
1628 4649 1717 4720 specie
1736 4649 1769 4702 de
1789 4649 1846 4704 Co··

1069 4738 1225 4792 haeredibus
1244 4737 1414 4808 loqueremini
1431 4745 1517 4790 tamen
1534 4737 1652 4806 exempli
1666 4743 1769 4790 tantum
1785 4734 1841 4790 loco

1071 4821 1175 4887 lactum,
1189 4821 1258 4894 qnod
1276 4824 1392 4890 regulam
1412 4839 1464 4876 nco
1484 4822 1619 4892 restringit
1632 4825 1662 4879 L.
1680 4819 1792 4890 regulae
1804 4829 1846 4874 est

1070 4921 1095 4962 ι.
1114 4915 1136 4972 ι.
1152 4907 1178 4962 si
1195 4905 1315 4980 quirjnr
1334 4921 1357 4960 ι.
1375 4923 1446 4963 verr.
1473 4918 1499 4962 ιι
1520 4907 1582 4961 lieet
1611 4905 1787 4976 manicipium
1799 4905 1842 4976 ff.

1067 4993 1093 5046 d.
1107 4993 1169 5048 Jur.
1179 5001 1206 5048 et
1218 4992 1295 5048 Fert.
1311 4997 1401 5066 ignor.
1415 5002 1445 5047 nt
1459 4993 1556 5048 exinde
1569 4993 1602 5046 ad
1615 5005 1753 5050 extraneos
1769 4991 1842 5046 idem
1920 5043 1921 5048 ,

1068 5095 1171 5148 quoque
1188 5078 1332 5132 extendere
1346 5093 1397 5130 non
1410 5077 1535 5134 dubitarit
1548 5077 1689 5132 Accersius
1703 5075 1731 5130 in
1751 5077 1841 5134 Glosr.

1069 5181 1134 5217 roos
1151 5161 1315 5219 cohoeredes
1333 5163 1359 5218 d.
1378 5163 1447 5216 Il'oo.
1467 5173 1507 5218 ιι.
1527 5181 1549 5218 e.
1573 5173 1593 5216 t.
1613 5161 1646 5216 Et
1666 5161 1731 5216 iacit
1750 5180 1797 5232 pro
1812 5179 1842 5216 eo

1070 5249 1136 5304 ratio
1150 5249 1280 5322 generalis
1299 5249 1327 5303 in
1346 5249 1370 5303 d.
1391 5249 1461 5301 Nor.
1479 5267 1501 5301 e.
1525 5258 1545 5298 ι.
1561 5263 1603 5316 ρι.
1622 5247 1650 5301 in
1662 5245 1720 5317 firt-
1739 5245 1772 5297 ab
1785 5247 1840 5300 lm·

1072 5346 1191 5406 peratore
1216 5336 1351 5406 subjecta,
1371 5343 1397 5388 et
1415 5334 1448 5388 eb
1467 5333 1620 5388 Holoandro
1648 5333 1687 5388 sio
1713 5332 1842 5402 eleganter
