4424 6340
438 564 468 616 n
971 561 1159 619 nrsrurar.
1180 565 1200 618 4.
1219 563 1295 619 car.
1313 535 1367 619 vs
1845 573 1880 628 4.

367 679 467 738 quoquc
485 656 603 730 generali
622 657 734 730 perinde
759 657 864 714 restitui
883 673 936 712 non
954 666 1058 728 potest,
1076 676 1137 712 eum
1188 675 1241 710 uon
1259 659 1367 728 quidem
1387 671 1416 712 nt
1429 677 1516 714 reram
1536 677 1566 714 ac
1584 659 1734 732 efficacem,
1755 665 1799 720 sed
1819 677 1905 724 tamen
1923 685 1954 729 nt

366 752 412 804 hic
424 748 497 804 44441144,
516 747 584 813 jusu
602 753 726 814 appareat
739 759 822 797 causa.
842 742 993 811 Ignorantia
1011 743 1085 796 enim
1102 741 1137 795 ob
1188 759 1352 813 germanam,
1366 763 1432 815 quae
1450 745 1563 798 moverit
1581 747 1787 818 Imperatorem,
1808 752 1890 810 inisse
1907 777 1953 828 ap·

372 834 473 903 saepius
494 827 625 883 tutoribus
652 827 720 880 iacta
739 825 956 882 denunciationes
980 827 1066 880 locum
1085 826 1138 879 sihi
1188 829 1310 899 positam.
1327 827 1527 884 intumpaber.
1542 831 1683 888 Rationai.
1698 836 1736 889 ad
1750 837 1775 890 44.
1797 841 1828 892 L.
1847 839 1955 894 AEnri·

371 935 425 970 non
443 925 531 986 potest
547 912 692 966 vindicare.
706 907 820 982 Ideoque
831 909 987 966 dicendum:
996 911 1138 964 Rationem
1189 910 1250 966 iias·
1264 911 1317 966 tir.
1330 913 1363 964 F.

370 1002 448 1054 itiam
467 1001 543 1070 imp.
564 999 593 1052 in
605 996 665 1068 fin.
685 1000 716 1052 L.
743 996 927 1052 AEmiIiasu
952 995 1030 1050 paulo
1055 995 1137 1059 JCto,

984 1236 1231 1306 CAPUT
1277 1242 1338 1308 vt.

560 1423 619 1490 De
635 1421 811 1510 Principis
825 1417 919 1484 circa
933 1413 1242 1508 praescriptionem
1257 1422 1549 1490 conventionalcm
1560 1439 1742 1516 potestate.

554 1680 578 1729 s
600 1681 628 1732 U
641 1674 679 1728 Μ
692 1677 729 1728 Μ
743 1678 772 1727 A
790 1678 816 1729 ῃ
835 1679 896 1730 [Α
1190 1661 1276 1717 Ρ44ο44
1295 1664 1373 1722 modo
1391 1668 1567 1739 praescriptio
1586 1672 1692 1725 ridetur
1711 1689 1744 1725 ex
1757 1685 1832 1744 parte
1846 1695 1903 1734 esse
1915 1682 1955 1748 ju.

1190 1748 1229 1801 ris
1243 1753 1378 1818 gentium,
1392 1769 1451 1804 cum
1469 1761 1496 1805 et
1508 1753 1577 1824 apud
1589 1755 1654 1808 alias
1668 1765 1759 1824 gentes
1771 1760 1861 1814 eadem
1875 1761 1958 1817 inerit

1191 1832 1362 1906 frequentata.
1388 1837 1462 1891 Inter
1488 1838 1620 1892 Hebraeos
1645 1841 1718 1894 enim
1744 1843 1861 1911 ejusdem
1879 1865 1957 1900 usum

1192 1920 1288 1986 inisse,
1302 1922 1359 1974 loca
1372 1921 1500 1991 qruedam
1514 1939 1546 1975 ex
1561 1939 1633 1976 sacra
1646 1925 1745 1994 pagina
1757 1927 1877 1982 ridentur
1888 1931 1957 1984 indi-

1191 2021 1266 2057 oare:
1281 2007 1319 2057 tr
1334 2006 1427 2060 Judic·
1445 2025 1469 2060 c.
1492 2017 1531 2058 44.
1549 2025 1579 2058 rr.
1599 2019 1641 2060 24.
1659 2011 1747 2064 levit.
1765 2030 1790 2064 c.
1810 2025 1852 2064 24.
1870 2033 1894 2067 u.
1914 2027 1955 2068 ta.

1190 2090 1303 2142 Denter.
1320 2109 1343 2142 e.
1364 2101 1404 2143 tt.
1424 2109 1446 2144 r.
1464 2104 1485 2144 4.
1504 2107 1544 2162 sp·
1558 2091 1685 2147 Rationes
1696 2113 1812 2165 quoque,
1827 2098 1957 2152 praescri·

1190 2173 1314 2244 ptionunr
1325 2173 1550 2228 introductionem
1562 2175 1710 2242 suadentes,
1718 2179 1817 2246 exjure
1826 2179 1956 2234 Gentium

1191 2255 1368 2322 descendunt,
1382 2267 1412 2310 nt
1431 2275 1463 2310 ne
1476 2258 1596 2314 dominia
1613 2279 1702 2315 rerum
1715 2263 1771 2316 siut
1790 2263 1820 2315 in
1838 2265 1957 2330 incerto,

1190 2341 1304 2413 litesque
1328 2339 1467 2407 infinitae,
1491 2354 1518 2397 et
1535 2343 1605 2414 quod
1632 2354 1705 2399 tanto
1733 2355 1852 2416 tempore
1869 2349 1955 2416 negli-

1192 2443 1255 2496 gens
1267 2443 1309 2479 res
1320 2443 1391 2490 suas,
1403 2445 1446 2480 eas
1458 2439 1593 2482 censeatur
1605 2428 1701 2484 44444444
1715 2447 1762 2498 pro
1774 2431 1902 2484 derelicto
1926 2435 1958 2486 b·

1195 2522 1215 2564 4.
1219 2507 1260 2578 ff
1277 2511 1310 2564 de
1333 2514 1428 2582 Usurp.
1447 2521 1473 2564 et
1495 2515 1574 2567 d'suc·
1593 2511 1691 2566 Ludor.
1707 2514 1809 2568 Molina
1828 2515 1861 2570 de
1883 2515 1957 2570 Just.

1193 2605 1218 2648 et
1223 2595 1281 2665 jur.
1304 2596 1392 2647 Tract.
1409 2605 1434 2645 2.
1453 2593 1530 2665 Disp.
1550 2608 1591 2648 44.
1603 2595 1638 2648 Et
1650 2596 1703 2650 nisi
1715 2615 1749 2650 ex
1761 2600 1817 2666 jure
1829 2597 1957 2654 Gentium

1191 2691 1262 2736 esset
1274 2678 1466 2748 praescriptio,
1482 2677 1578 2732 frustra
1592 2681 1638 2732 iila
1656 2679 1686 2731 in
1705 2679 1806 2734 duobus
1824 2681 1856 2734 de
1869 2683 1960 2752 Regno

1191 2772 1217 2814 et
1230 2761 1353 2816 4444444444
1362 2761 1460 2830 litigiis
1472 2763 1638 2832 allegaretur;
1646 2765 1721 2834 Hugo
1734 2765 1844 2820 Grotius
1856 2767 1887 2820 de
1895 2765 1957 2820 Jur.

1191 2851 1261 2901 Pac.
1282 2858 1308 2898 et
1321 2847 1390 2900 Beli.
1409 2847 1427 2897 1.
1448 2858 1472 2898 t.
1486 2865 1508 2898 c.
1531 2857 1554 2898 4.
1568 2849 1621 2900 Du.
1640 2849 1727 2900 ilabn.
1748 2851 1786 2903 od
1808 2849 1957 2904 Wesendeo.

1191 2930 1231 2982 tit.
1251 2929 1284 2986 de
1307 2933 1435 3000 Usurpat.
1452 2940 1480 2982 et
1500 2933 1580 2986 Usuc·
1599 2951 1626 2984 n.
1646 2944 1672 2984 4.
1691 2933 1810 2987 Relatire
1827 2943 1913 2987 autem
1933 2936 1957 2986 si

374 1843 422 1896 An
436 1842 572 1912 Princeps
583 1839 670 1912 possit
682 1841 822 1894 restituere
833 1853 930 1895 corrtra
943 1840 1139 1914 praescriptio-

408 1927 490 1980 nem?
508 1947 536 1980 n.
558 1940 580 1978 t.

375 2009 560 2078 praescriptio
582 2029 620 2064 an
644 2007 723 2063 Juris
742 2009 843 2065 Civilis
860 2011 918 2064 sit?
937 2031 964 2063 n.
985 2022 1008 2062 2.

374 2093 508 2162 Princeps
526 2101 623 2148 contra
643 2112 705 2146 earn
721 2094 852 2161 restituit,
873 2095 938 2167 quia
947 2112 1029 2166 supra
1035 2095 1083 2164 jus
1093 2105 1140 2149 est.

411 2197 437 2228 n.
459 2189 483 2230 3.

374 2260 537 2316 Illustrotur
553 2263 604 2314 lroc
623 2264 755 2332 exemplo.
775 2281 803 2316 n·
823 2272 847 2314 4.

373 2347 507 2415 Princeps
521 2356 610 2416 potest
627 2346 733 2402 actioni
749 2357 873 2401 mortuae
890 2346 1040 2419 insnfflore
1057 2348 1144 2418 Spiri-

409 2438 467 2481 tum
484 2427 569 2482 vitae.
589 2449 617 2482 n.
639 2445 663 2482 a.

375 2508 500 2578 Effectrcs
516 2510 721 2585 insufflationis
738 2515 817 2570 ritae.
836 2534 864 2568 n.
885 2529 908 2569 t.

374 2595 502 2650 Restituit
517 2595 612 2650 princ.
630 2596 657 2649 ti
672 2615 784 2653 eausam
804 2600 911 2654 lrabeat.
931 2621 959 2654 n.
979 2614 1001 2654 4.

372 2679 411 2729 Et
426 2678 489 2731 licet
506 2677 561 2750 ipse
575 2679 713 2736 restituere
727 2683 906 2754 prohibuerit.
928 2705 956 2737 n.
978 2699 1001 2739 a.

372 2759 522 2817 Distinetio
540 2763 615 2818 inter
627 2775 752 2834 potestat.
765 2769 921 2824 absolutam
933 2781 959 2824 et
972 2765 1140 2822 ordinariam

408 2847 579 2918 proponitur.
596 2869 625 2902 n·
646 2861 671 2900 4.

371 2929 521 2999 Befutatur
534 2935 674 3005 proposito
692 2934 833 2990 distinctio
863 2957 890 2989 n.
912 2949 952 2990 to.

372 3015 546 3072 Consiliator
561 3019 594 3070 L.
612 3017 707 3088 Digna
731 3021 793 3072 Vos:
814 3031 838 3072 4.
862 3023 895 3078 C.
916 3025 949 3076 de
970 3025 1030 3076 lc.
1050 3043 1079 3078 n.
1103 3037 1141 3080 44.

373 3101 541 3156 Absurditas
558 3101 744 3157 distinctionis
762 3107 922 3160 ostenditur.
944 3125 971 3160 n.
989 3120 1028 3160 tt.

373 3186 561 3258 Jc'jusdemqne
580 3187 692 3241 inversa
712 3191 869 3260 applicatio.
890 3209 918 3242 n.
942 3203 980 3243 44.

372 3273 407 3322 In
425 3271 546 3342 principe
563 3291 620 3327 una
639 3282 747 3326 tanturn
762 3285 883 3344 potestas
901 3286 957 3340 est,
983 3293 1067 3347 eaque
1092 3277 1141 3328 ab·

408 3356 509 3408 soluta.
529 3373 557 3407 n·
581 3366 621 3406 tt.

374 3440 506 3508 Princeps
523 3451 613 3509 potest
629 3441 724 3494 tallere
731 3439 778 3506 prs
790 3443 940 3510 quaesitum
953 3461 1005 3514 per
1011 3448 1144 3514 praescri·

408 3521 537 3591 peronem.
557 3541 584 3574 n.
608 3534 648 3573 rs.

374 3608 422 3656 An
442 3605 512 3658 idem
527 3606 614 3673 possit
631 3607 659 3657 in
680 3607 902 3676 praescriptione
919 3610 1136 3666 conventionaii

1193 3015 1373 3085 praescriptio
1393 3013 1588 3080 consideretur,
1608 3026 1738 3087 quatenus
1757 3018 1827 3086 riget
1844 3017 1873 3070 in
1891 3019 1956 3088 nep

1192 3109 1282 3152 nostra
1294 3100 1413 3152 Romano
1424 3095 1598 3162 Germanica,
1611 3099 1704 3169 utique
1715 3099 1825 3153 dicenda
1835 3110 1889 3166 est,
1901 3118 1958 3154 esse

1191 3185 1266 3240 Juris
1280 3183 1391 3247 Civilis,
1404 3182 1472 3235 sicut
1486 3193 1513 3236 et
1525 3199 1648 3253 expresse
1659 3183 1789 3236 vocitatur
1802 3185 1831 3238 in
1844 3202 1886 3254 pr.
1905 3188 1956 3238 In·

1192 3283 1225 3324 st.
1244 3273 1277 3324 de
1299 3274 1379 3324 Uruc-
1393 3266 1525 3320 Wesenb.
1538 3262 1716 3334 perstitiff.
1724 3270 1750 3322 44.
1768 3279 1787 3320 4.
1800 3282 1855 3321 n-tt
1877 3268 1959 3320 Fran-

1191 3357 1254 3409 eisc.
1275 3353 1350 3406 Baib.
1363 3353 1395 3406 de
1405 3351 1564 3422 praescript.
1573 3361 1644 3421 port.
1664 3364 1684 3402 4.
1704 3373 1748 3422 pu·
1763 3361 1786 3403 4.
1799 3371 1827 3406 n.
1845 3365 1867 3404 4.
1887 3351 1958 3404 petr.

1196 3437 1299 3494 Rebuff.
1320 3438 1352 3491 de
1365 3439 1555 3491 relevamen.
1571 3435 1646 3492 verb·
1654 3435 1812 3506 praescript.
1831 3437 1920 3489 Gloss.
1935 3444 1959 3484 4.

1190 3523 1278 3594 princ.
1298 3521 1500 3592 Repraesentat
1513 3519 1587 3572 turis
1600 3518 1697 3573 Civilis
1716 3518 1890 3590 praescriptio
1904 3517 1958 3568 dici

1193 3617 1296 3677 potest,
1310 3607 1413 3660 ratione
1427 3603 1660 3656 determinationis
1681 3603 1822 3675 temporis;
1841 3604 1957 3674 Tempus
1997 3670 2001 3676 .

410 3709 438 3740 n·
463 3701 502 3740 16.

381 3773 536 3825 Conclusio.
558 3791 586 3825 n.
608 3786 647 3826 44.

1191 3691 1264 3743 enirn
1290 3691 1319 3744 in
1337 3685 1593 3761 praescriptionibus
1619 3687 1703 3740 variat
1720 3686 1873 3750 admodum,
1892 3703 1958 3755 quae

1192 3773 1304 3827 variatio
1316 3791 1369 3826 non
1381 3788 1412 3823 ex
1427 3773 1484 3838 ejus
1495 3778 1600 3833 natura,
1612 3770 1658 3822 sed
1668 3768 1799 3822 arbitratu
1810 3767 1898 3838 potius
1912 3767 1958 3819 4.4-

1190 3857 1324 3928 gisiatoris
1337 3864 1482 3927 promanat
1497 3855 1549 3906 Hic
1561 3855 1634 3907 enim
1647 3863 1726 3926 prout
1738 3853 1836 3907 riderit
1854 3855 1957 3906 oonsu-

333 3939 343 3981 4
416 3875 717 3996 pugnatumhactenus
735 3951 783 4003 pro
799 3934 878 3990 paulo
895 3937 1140 4012 JCto,etutpnto
1193 3950 1249 3993 turn
1276 3958 1333 3992 esse
1350 3938 1495 4009 {reipubl-s
1522 3937 1743 4008 praescriptionis
1768 3938 1895 3989 terminos
1917 3937 1959 3989 rei

372 4009 539 4064 sufficienter
553 4011 618 4064 satis
631 4014 753 4082 evictum,
769 4017 920 4074 Rutilianae
934 4025 1047 4094 pupiilae
1061 4025 1089 4076 in
1103 4045 1141 4078 ca·
1192 4025 1327 4078 breviores
1339 4025 1378 4078 441
1391 4024 1536 4094 ampliores
1558 4022 1720 4074 ornatituere
1739 4037 1786 4091 pro
1805 4017 1891 4074 lubitu
1910 4037 1956 4088 po·

373 4111 404 4148 su
419 4105 522 4148 nostrae
535 4095 624 4165 legis,
640 4104 693 4150 tam
709 4117 722 4150 a
737 4099 871 4168 praetore,
885 4123 991 4174 quamn
1008 4109 1141 4162 Praefecto
1193 4122 1252 4164 test.
1273 4111 1305 4162 Et
1320 4111 1366 4162 hac
1378 4109 1479 4162 ratione
1489 4106 1664 4176 Usueapionis
1680 4113 1781 4176 tempus
1794 4103 1893 4156 dicitur
1905 4105 1958 4170 tege

372 4178 455 4228 t'rbis
474 4187 544 4230 recte
557 4179 710 4249 denegatam
729 4184 758 4236 in
781 4187 915 4256 integrum
934 4193 1141 4248 restitutionem
1193 4195 1333 4252 definitum
1355 4196 1536 4249 aModestino
1554 4194 1623 4248 JCto
1643 4193 1672 4244 in
1691 4196 1722 4247 L.
1747 4196 1863 4261 Usucop.
1884 4186 1957 4258 aff·

372 4259 499 4311 444ῐί041444
525 4259 552 4312 in
578 4262 636 4332 ipso
661 4273 734 4318 textu
752 4273 1005 4339 praegnantissimas
1028 4277 1142 4331 adduxit
1192 4283 1223 4335 de
1247 4284 1341 4349 Usnrp.
1361 4291 1387 4332 et
1402 4283 1480 4334 Usuc.
1492 4278 1650 4349 Exemplum
1664 4277 1783 4347 ampliati
1806 4277 1958 4347 temporisa

372 4341 484 4404 P³⁰¹”⁵'
499 4341 618 4396 ΜΕΝ
637 4349 794 4402 ⁸⁰⁰¹⁸¹¹¹i⁸⁰¹
815 4355 1000 4423 “perorantes
1015 4359 1067 4412 Sed
1089 4359 1140 4414 lm·
1192 4365 1345 4419 Justiniano
1365 4365 1432 4434 lmp.
1450 4364 1530 4417 estin
1548 4380 1588 4432 pr.
1610 4366 1676 4415 Inst.
1695 4362 1728 4416 de
1752 4365 1867 4428 concap.
1889 4359 1958 4412 petr.

372 4425 489 4492 peratori
506 4427 641 4482 Antonino
655 4429 719 4484 haec
738 4433 940 4504 displicuerunt:
955 4441 984 4492 in
1005 4435 1139 4510 integrum
1194 4451 1291 4502 Airton.
1307 4448 1340 4500 de
1359 4449 1436 4501 petra
1447 4449 1479 4501 de
1498 4451 1559 4502 Jur·
1574 4445 1687 4518 quaesit.
1703 4465 1753 4515 per
1769 4443 1884 4515 princip.
1901 4463 1958 4496 non

370 4522 432 4574 “3⁰
446 4508 563 4563 “md‘m
578 4513 677 4565 ⁰³⁰⁸¹¹i¹
693 4517 896 4584 fpssstlpfldflfflr
911 4523 971 4574 ³155!
991 4535 1076 4576 molut
1097 4542 1138 4576 ta·
1193 4533 1342 4586 cottanae.
1361 4543 1402 4584 24.
1416 4551 1445 4584 n·
1459 4542 1499 4584 st.

369 4590 496 4645 4ῑο41444444.
526 4596 577 4650 Sed
597 4597 645 4650 hae
665 4599 782 4654 paulinis
806 4607 889 4658 multo
923 4610 1076 4675 4444444444,
1105 4614 1143 4664 uti
1233 4615 1284 4668 per
1299 4615 1538 4685 praescriptionem
1552 4615 1639 4683 itaque
1651 4611 1956 4666 relatireconsideratarn
1996 4624 2008 4664 s

369 4677 536 4743 pnwed‘nti
561 4681 646 4752 capite
663 4684 858 4740 dernostratnm.
882 4695 1068 4748 Ventilandurn
1082 4715 1143 4764 ergo
1191 4701 1325 4767 quaeritur
1335 4698 1439 4768 privato
1451 4699 1507 4766 jus,
1520 4697 1546 4749 ri
1558 4699 1633 4750 Juris
1648 4696 1751 4761 Civilis,
1764 4705 1791 4748 et
1804 4695 1959 4748 auctoritate

373 4757 422 4808 ¹¹⁰⁰
442 4762 469 4810 ³¹¹
488 4767 620 4831 P'staen'i
639 4784 667 4820 ’θ
684 4769 793 4822 exhibe,
811 4773 928 4838 Themi
947 4787 995 4834 An
1013 4781 1144 4852 principi
1193 4783 1370 4850 legislatoris.
1378 4781 1413 4832 Et
1425 4782 1530 4835 hocius
1544 4781 1579 4831 ita
1587 4798 1634 4851 per
1646 4779 1880 4852 praescriptionem
1889 4778 1958 4849 parti

370 4852 630 4913 ‘⁰''1W‘22P02852as
641 4851 775 4906 minorem
787 4869 886 4912 contra
899 4865 1140 4927 praescriptionem
1190 4867 1338 4934 qruesitnm
1351 4888 1366 4920 a
1379 4865 1503 4936 Principe
1516 4863 1614 4916 suferri
1628 4883 1713 4936 posse,
1724 4881 1776 4916 non
1789 4873 1829 4916 est
1839 4863 1959 4916 dubitan-

368 4925 540 4993 restituendi,
558 4929 619 4982 iicet
637 4932 800 4990 Jurisratio
814 4943 982 4998 eontrarium
1000 4948 1072 5000 oeiie
1099 4947 1141 4998 oi·
1190 4945 1261 4999 dum.
1276 4949 1417 5002 Rationem
1430 4948 1529 5001 deduco
1548 4965 1579 5000 ex
1601 4967 1674 5002 44444444
1693 4945 1830 5002 efficiente
1841 4949 1919 5017 hujus
1932 4967 1959 5000 o·

366 5007 483 5061 deutur?
1190 5032 1348 5100 bligationis
1360 5032 1453 5085 Civilis
1459 5073 1468 5098 ,
1482 5031 1574 5100 utique
1592 5032 1638 5085 illa
1652 5033 1722 5084 nulia
1736 5034 1784 5086 alia
1805 5041 1859 5093 est,
1875 5047 1955 5100 quam

412 5094 451 5144 Ad
466 5093 542 5162 hujus
555 5104 746 5160 controversiae
756 5105 915 5166 decisionem
925 5151 933 5176 ,
945 5128 975 5170 nt
988 5137 1019 5172 eo
1033 5119 1137 5174 ielioins
1190 5117 1333 5186 Princeps,
1351 5136 1365 5169 a
1378 5135 1429 5187 quo
1440 5134 1547 5170 ornnem
1562 5115 1589 5169 in
1609 5133 1636 5168 se
1649 5116 1835 5169 auctoritatem
1854 5115 1957 5168 derivat

364 5179 561 5248 P²¹V⁰¹¹i⁸¹¹¹¹¹⁵r
576 5185 675 5250 irrraisit
691 5187 732 5240 hio
747 5189 774 5242 in
795 5203 960 5252 antecessum
981 5203 1137 5273 inquisivis-
1186 5201 1235 5252 ius
1250 5199 1334 5252 Cirile
1348 5202 1379 5253 l.
1397 5213 1417 5251 4.
1430 5217 1470 5269 pr.
1474 5197 1515 5269 ff
1529 5200 1562 5253 de
1575 5201 1668 5253 Conse.
1679 5199 1765 5268 princ·
1776 5199 1891 5252 Effectus
1905 5201 1953 5252 ita·

365 5278 407 5323 *tr
421 5261 463 5310 cui
478 5265 528 5330 iura
544 5277 647 5336 accepta
663 5269 769 5326 ferenda
784 5276 972 5352 praescriptio?
986 5287 1019 5340 Et
1032 5289 1077 5341 hic
1095 5291 1137 5342 di·
1184 5305 1235 5356 que
1256 5285 1431 5353 praestantior
1450 5303 1494 5338 sua
1513 5303 1588 5338 causa
1607 5303 1665 5338 esse
1684 5284 1792 5353 nequit,
1813 5300 1860 5336 nec
1879 5281 1958 5335 debet

367 5343 554 5410 “influentium
564 5349 633 5402 inter
649 5353 887 5428 praescriptionem
901 5365 1017 5425 absolute
1031 5384 1131 5442 specta·
1185 5371 1299 5438 intelligi
1314 5381 1417 5440 praeter
1429 5370 1563 5438 operantis
1575 5369 1762 5421 intentionem.
1770 5367 1808 5418 Eo
1817 5383 1897 5436 usquc
1906 5365 1955 5418 ita·

364 5435 432 5488 ¹³¹¹¹¹
453 5442 478 5481 ²¹
499 5433 579 5484 '²¹³¹‘
596 5435 629 5488 “¹
649 5435 741 5511 [temp.
763 5442 906 5504 R⁰m³1¹am
929 5454 1133 5512 marsideratam.
1181 5475 1233 5528 que
1253 5455 1306 5510 Lex
1327 5455 1420 5510 Civilis
1440 5452 1536 5506 effectu
1554 5469 1599 5506 suo
1621 5453 1804 5524 progreditur,
1823 5467 1954 5523 quousque

323 5101 337 5142 2
