4424 6340
455 457 489 510 85
938 449 1134 504 msrurtr.
1154 451 1190 505 11.
1209 450 1327 508 cestr
1346 454 1382 510 li·
1867 471 1901 524 pp

384 555 441 610 und
463 547 560 605 Virites
577 545 727 620 rorgiielrer
743 543 903 618 tt'otltduqfft
921 549 978 602 und
1005 547 1153 602 l'nterisnl·
1206 559 1346 617 emergunt
1362 570 1439 606 rusus
1458 552 1491 606 nd
1517 553 1620 613 similes
1645 561 1674 615 in
1693 563 1760 632 besse
1778 585 1915 640 expressos
1935 590 1978 628 η.

383 651 453 708 rung
466 635 606 709 gelaverig,
624 644 694 690 erste
711 634 937 706 Verselaungund
955 632 1155 706 Versebufflmg
1206 634 1286 689 uiuus
1310 634 1453 690 referendi.
1480 641 1572 710 Cous,
1597 647 1630 700 ι,
1653 659 1694 700 10,
1717 661 1757 706 ¹2·
1782 665 1810 706 ,ι
1837 670 1877 708 13,
1885 657 1926 727 ff
1945 660 1977 710 Α,

384 746 419 780 en
435 725 515 788 tlsurr,
536 721 602 773 dass
618 718 913 774 suielseFrsicltteund
925 721 1086 790 uueznngm
1101 737 1153 772 rou
1206 720 1299 787 Legit.
1320 721 1366 774 Siu
1384 721 1442 786 itti,
1460 724 1507 793 qui
1527 727 1556 778 in
1576 728 1633 782 soro
1651 735 1711 803 plus
1734 755 1816 808 seqno
1838 740 1956 795 offensus
2017 752 2048 796 ts

383 811 490 874 denen,
509 805 608 862 weiclse
625 803 708 857 iisneu
729 802 779 856 der
795 801 997 871 Alienuerhtige
1014 803 1156 858 couver-
1206 803 1317 874 sperinli
1337 805 1512 862 inathemate
1531 810 1561 863 in
1579 813 1638 881 iure
1651 827 1743 873 nostru
1755 823 1824 876 haud
1837 783 1978 890 rennuenti,

385 891 493 960 lielsen,
519 891 595 944 uictu
618 885 679 956 nus
702 888 849 954 rteuruug
871 884 1038 955 geseaeltriinlr
1056 887 1156 940 deinter·
1207 887 1364 944 refrenandas
1383 901 1578 965 &memetque
1591 917 1639 968 per
1651 902 1784 972 legitimos
1798 911 1919 964 tramites
1932 929 1975 964 ea.

389 983 498 1046 hulten,
525 979 598 1032 noeis
619 994 671 1030 nou
698 976 802 1030 andern
829 971 1034 1046 sigennrttas'gen
1055 977 1156 1028 seuseu
1209 975 1399 1032 inuenientium
1424 979 1518 1034 nomm
1536 985 1689 1054 expellenda
1709 990 1838 1060 iniquitas
1858 1003 1912 1058 est,
1937 999 1978 1050 uti

389 1085 478 1136 weges
496 1063 571 1118 ilem
596 1063 755 1116 cenninus
779 1056 992 1130 unffiednuffit,
1011 1059 1080 1113 oder
1095 1057 1162 1112 aber
1210 1059 1277 1129 lmp-
1295 1061 1415 1131 loquitur
1427 1063 1515 1136 prine-
1534 1071 1665 1124 Pronum.
1683 1073 1799 1130 institut.
1813 1095 1875 1132 cnm
1902 1079 1978 1152 Reip.

390 1155 461 1210 arecia
480 1151 530 1204 mit
543 1146 686 1202 tueretur
696 1145 775 1199 einer
784 1153 902 1214 gunroeu
923 1141 1089 1208 Gemebren,
1103 1141 1162 1196 und
1211 1143 1333 1208 intersit,
1353 1165 1387 1200 ne
1405 1148 1501 1202 delicta
1521 1165 1645 1207 maneant
1662 1156 1795 1228 impunito
1811 1181 1858 1231 per
1877 1166 1909 1216 Ι.
1934 1175 1976 1216 st.

389 1235 542 1294 soncierlirit
567 1234 615 1288 des
642 1232 791 1297 Arruntius,
818 1230 882 1282 dass
905 1230 996 1282 tutius
1020 1229 1158 1282 derretten
1210 1225 1233 1296 ᾗ.
1255 1240 1280 1281 2.
1289 1229 1330 1299 ffi
1347 1233 1388 1286 ud
1403 1237 1436 1288 L.
1456 1237 1552 1307 Aqutt.
1572 1239 1667 1312 ideoq;
1684 1242 1713 1294 bi
1733 1244 1980 1316 Dsrdunnriisjure

391 1323 598 1394 „deminum
620 1319 678 1374 ursei
695 1317 745 1370 rien
767 1314 984 1384 Alinrueclttigen
1010 1312 1163 1366 destunrelsr
1211 1313 1308 1366 merito
1327 1333 1378 1366 utin
1394 1325 1496 1370 tuntum
1511 1335 1712 1392 comparamur,
1726 1326 1773 1380 sed
1788 1327 1883 1381 iisdem
1895 1349 1979 1401 quoqa

390 1411 479 1482 dns&
490 1409 569 1463 leben
584 1405 642 1460 und
653 1402 777 1456 dencken
788 1400 888 1470 helffen
901 1402 986 1466 sulse,
1001 1399 1160 1452 aussertratb
1211 1397 1304 1466 poeuis
1312 1399 1498 1466 subjiciuntur.
1514 1406 1640 1474 Quamvis
1654 1410 1728 1462 euim
1740 1413 1853 1483 quisque
1866 1417 1905 1469 rei
1919 1433 1981 1468 stne

392 1495 504 1552 Laudes
523 1487 659 1560 rerffiltrrt
678 1484 793 1540 sserden.
811 1489 848 1538 So
862 1487 1017 1539 verordnen
1038 1483 1098 1536 und
1114 1482 1159 1535 de·
1213 1481 1364 1536 moderatur
1383 1487 1418 1538 sit
1438 1495 1517 1556 atque
1535 1491 1637 1545 arbiter
1654 1497 1687 1546 L.
1711 1506 1750 1547 tt.
1768 1501 1801 1552 C.
1815 1501 1982 1556 uisendam

381 1580 483 1651 μὴ..
504 1577 555 1632 wir
576 1571 686 1627 lein-mis
709 1569 872 1624 ernsrticlren
899 1570 972 1622 elien
998 1567 1059 1623 arrd
1073 1565 1159 1639 jeder
1212 1568 1245 1620 L.
1266 1564 1357 1636 ruff.
1375 1571 1408 1624 de
1426 1575 1507 1626 Puer.
1533 1576 1611 1647 Itrip.
1631 1585 1718 1632 tumen
1744 1600 1829 1652 quoq:
1855 1584 1980 1656 expedit,

392 1683 494 1720 nossem
513 1654 882 1722 b'ntertituuen,sowoldiu
897 1655 1041 1723 Staedten,
1057 1652 1171 1724 niseus
1212 1667 1246 1702 ne
1263 1652 1324 1720 quis
1347 1671 1376 1708 re
1395 1673 1439 1710 sua
1460 1659 1527 1712 mule
1547 1669 1636 1714 ututur
1659 1659 1685 1733 ξ.
1698 1663 1757 1734 fin·
1778 1671 1845 1720 lust.
1872 1669 1906 1722 de
1928 1671 1983 1726 llis

395 1753 456 1806 ἄειη
475 1745 588 1812 meede,
608 1760 673 1798 svers
691 1739 953 1810 Stuuderrieseyn,
968 1741 1089 1794 dussidr
1105 1741 1160 1792 Ge·
1212 1733 1260 1803 qui
1273 1737 1319 1791 rus'
1333 1741 1430 1793 eei-ui.
1444 1741 1502 1811 jnr-
1520 1744 1592 1800 iiiuc
1608 1747 1753 1802 notabilem
1774 1753 1908 1822 praedicta
1939 1773 1981 1808 re-

394 1837 520 1905 demdig,
540 1849 570 1887 es
585 1847 634 1900 sey
652 1831 747 1894 Korn,
768 1829 881 1880 Gersten
896 1825 1076 1898 odmfflfir,
1091 1827 1161 1884 Erd·
1211 1819 1269 1886 8¹¹¹*
1288 1823 1390 1891 prinu?
1408 1825 1613 1892 limitelbssrms
1631 1829 1700 1900 quod
1724 1851 1777 1887 1¹⁰ss
1802 1838 1938 1906 procedet,
1959 1841 1982 1892 si

394 1901 445 1978 sen
468 1921 536 1975 oder
558 1914 741 1987 dergicis-laen,
762 1911 821 1983 ures
836 1913 982 1980 Trieurung
995 1911 1162 1982 gestaehriich
1213 1902 1366 1962 liberrimus
1385 1908 1431 1962 itte
1448 1928 1511 1964 usus
1529 1915 1653 1983 propriae
1672 1917 1710 1968 rei
1729 1931 1818 1986 serent
1837 1922 1865 1974 iu
1880 1924 1983 1994 pmeju·

395 2009 471 2062 reicit
495 2001 694 2063 tainrertnuen,
721 1998 778 2052 und
801 1997 922 2051 dndtrreis
947 1997 999 2050 den
1021 1994 1160 2065 gernebsen
1213 1989 1313 2042 (licium
1334 1991 1424 2057 tertii,
1443 1995 1533 2049 Jacob.
1552 1999 1675 2052 bieuorb.
1694 2003 1800 2055 Consti·
1821 2016 1923 2058 remu.
1940 2020 1981 2058 su.

396 2093 485 2146 Fiucis
505 2088 564 2158 uass
574 2086 630 2138 sicit
648 2084 747 2148 tuden,
765 2083 884 2136 sondern
903 2081 1038 2144 dusseide,
1061 2081 1166 2136 sonoid
1213 2085 1239 2126 et
1259 2087 1301 2127 et.
1320 2087 1347 2130 et
1366 2096 1425 2130 eum
1444 2079 1530 2134 citans
1560 2083 1623 2153 ing.
1647 2085 1760 2140 Bariiosu
1786 2089 1816 2142 in
1836 2090 2001 2144 Axiumnt(

397 2179 465 2232 nucis
486 2176 543 2228 idre
567 2172 654 2225 tr'otle
673 2169 730 2222 und
747 2167 851 2222 undere
867 2167 1036 2236 dergiet'cdten
1055 2166 1163 2218 Victua-
1214 2159 1259 2212 Ῑίὓ·
1284 2171 1325 2214 ti·
1341 2179 1364 2216 r·
1386 2175 1428 2216 to·
1447 2185 1475 2218 n·
1493 2179 1532 2219 rt.
1548 2168 1764 2240 ituqnoquehoc
1775 2191 1979 2244 paeeueeeem

398 2265 452 2318 lieu
461 2299 469 2327 ,
488 2277 519 2314 so
537 2257 578 2311 sie
596 2275 628 2308 su
648 2250 805 2322 verinuffln
820 2253 923 2318 lauden,
943 2249 1002 2322 ruff
1010 2251 1054 2305 die
1072 2253 1164 2305 rraer-
1214 2242 1309 2298 hebet:
1329 2264 1360 2298 eo
1380 2247 1437 2318 ipso
1457 2251 1531 2302 euim
1548 2269 1600 2319 quo
1619 2254 1691 2322 justo
1707 2257 1766 2326 pius
1786 2259 1814 2311 iu
1835 2259 1891 2312 ioro
1917 2261 1984 2314 aiter

397 2347 490 2402 citein
500 2341 630 2398 Staeu'teu
640 2339 696 2394 und
701 2341 732 2392 F
729 2339 820 2391 lesden
829 2337 953 2391 scttcken
958 2375 967 2401 ,
983 2337 1056 2390 ulida
1071 2353 1165 2388 inuen-
1215 2327 1308 2394 offert,
1322 2329 1393 2383 facili
1409 2334 1513 2399 negotiu
1527 2331 1635 2390 efficere
1647 2347 1748 2410 potest,
1762 2351 1791 2394 nt
1805 2344 1927 2398 eettdtuu
1936 2363 1983 2400 ne-

398 2431 499 2502 niglielt
517 2429 587 2481 rasela
608 2425 742 2491 Oninuug
759 2421 818 2474 und
840 2420 984 2476 Gedrenrla
1002 2420 1077 2474 eines
1082 2418 1163 2490 jedeu
1217 2413 1302 2478 mini,
1319 2426 1504 2486 praeterquam
1522 2419 1575 2490 ipsi
1594 2421 1706 2488 vendat,
1725 2441 1783 2478 cum
1805 2436 1906 2480 tautum
1926 2449 1986 2500 pre-

402 2523 477 2582 (Μῆ
496 2531 542 2570 um
562 2511 640 2565 eim
660 2506 817 2562 ,gemh'clffn
832 2501 1029 2578 pfinnigsffy
1040 2527 1074 2560 „u
1086 2502 1168 2574 kmff.
1218 2497 1284 2549 tium
1297 2497 1453 2554 offerentem
1463 2512 1607 2572 emptorem
1620 2506 1742 2562 uenditor
1755 2509 1825 2562 bend
1840 2511 1916 2566 tacite
1928 2531 1987 2584 pos-

387 2603 461 2673 sen,
481 2599 538 2655 ursd
555 2617 587 2650 su
607 2590 773 2664 vrrkuuffen
792 2601 932 2660 gestuttet,
955 2592 1012 2646 und
1035 2590 1169 2644 niemund
1217 2584 1254 2636 sit
1271 2585 1406 2650 iueeuire;
1425 2588 1465 2640 rel
1484 2585 1574 2640 reddit
1592 2599 1710 2660 emptor,
1729 2593 1860 2659 ejusmodi
1886 2597 1985 2666 injusta

397 2691 487 2742 dorem
505 2679 647 2755 gedindert
666 2679 770 2732 werden
784 2677 861 2730 rotie.
876 2677 928 2730 Sed
942 2695 1018 2745 aquo
1030 2675 1168 2742 biugistrs·
1216 2669 1352 2722 oblatione
1364 2671 1444 2741 pretii
1456 2671 1621 2725 venditorem
1634 2674 1813 2740 obstinatum,
1827 2689 1856 2731 ut
1869 2677 1982 2751 iiiepro·

403 2784 446 2834 tu,
466 2779 491 2822 et
509 2786 561 2838 quo
580 2764 666 2833 pretio
686 2763 730 2815 itta
750 2762 807 2831 ipsa
826 2760 947 2814 venditio
973 2757 1034 2816 fieri
1060 2759 1166 2822 debent,
1219 2767 1308 2827 pterea
1324 2755 1394 2827 quod
1418 2767 1538 2827 superest
1561 2754 1710 2826 senatuum,
1737 2763 1850 2816 mitioris
1874 2766 1985 2820 rendere

398 2853 516 2908 ulteriori
526 2849 664 2903 ridebatur
679 2847 799 2915 indigere
813 2845 1013 2916 disquisitione,
1026 2861 1168 2914 quae,cum
1218 2852 1329 2896 recuset.
1348 2843 1435 2896 Tertii
1454 2861 1514 2912 ergo
1532 2843 1576 2897 bie
1589 2853 1707 2898 serentur
1716 2847 1924 2916 praejudicium,
1938 2852 1985 2922 qui

401 2941 436 2992 ab
454 2939 502 2991 bue
520 2934 633 2988 materia
652 2948 705 2984 non
724 2929 788 2984 adeo
815 2930 853 2982 sit
875 2930 977 2996 eliens,
996 2929 1088 3000 ideoq;
1113 2929 1169 2998 ejus
1218 2927 1283 2980 elias
1300 2927 1418 2999 sequiori
1431 2928 1517 3000 pretio
1529 2928 1597 2981 itanc
1611 2947 1668 2982 mro
1681 2930 1811 3002 potuisset
1824 2951 1984 3006 uituperare.

400 3020 596 3078 discussionem
614 3035 688 3089 sequ.
708 3033 732 3070 e.
751 3029 776 3068 3.
795 3014 942 3068 reservabo.
1220 3015 1277 3070 imo
1295 3015 1349 3086 ipsi
1367 3033 1470 3086 qnoque
1490 3013 1614 3085 Reipubl.
1632 3013 1758 3069 densrmm
1779 3019 1825 3070 tuti
1847 3019 1925 3072 modo
1944 3021 1987 3073 in·

383 3099 387 3110 ’
435 3104 660 3176 Progrediendum
685 3102 774 3172 itaque
798 3100 832 3152 ad
860 3099 970 3153 tertium
988 3097 1166 3152 Dardanario·
1220 3099 1317 3164 iertur;
1337 3099 1431 3154 Cerior
1449 3099 1522 3152 enisu
1542 3118 1572 3153 eu
1591 3099 1650 3170 ipso
1670 3117 1773 3154 annona
1798 3101 1929 3155 redditur.
1948 3103 1989 3156 Si-

400 3211 460 3248 surn
479 3207 562 3260 penus
580 3198 636 3250 est,
655 3187 688 3240 sd
705 3186 775 3257 quod
794 3185 880 3238 refero
900 3185 975 3246 illos,
993 3183 1039 3253 qui
1053 3183 1168 3254 pondera
1218 3185 1325 3257 quidem
1345 3185 1479 3239 dementis
1504 3184 1571 3237 iuret
1591 3185 1689 3240 mentis
1714 3186 1850 3251 venditor,
1879 3187 1901 3241 si
1925 3205 1986 3240 etam

405 3289 433 3330 rt
452 3289 589 3329 mensurus
607 3270 721 3332 ialsuut,
740 3269 796 3321 sive
812 3269 859 3338 qui
878 3270 986 3322 stateris
996 3276 1022 3319 et
1035 3269 1169 3322 mensuris
1218 3282 1338 3343 emptore
1357 3271 1413 3342 plus
1432 3271 1502 3340 justo
1520 3268 1649 3321 offerente
1668 3287 1720 3321 uon
1738 3271 1817 3324 seiiet
1841 3271 1987 3335 libentius,

398 3358 555 3414 adulterinis
574 3363 685 3406 utuntur
704 3352 730 3404 d.
750 3357 783 3406 L.
802 3349 957 3424 Annon.§.
979 3351 1123 3424 tates.
1135 3355 1169 3409 de
1218 3375 1296 3428 quam
1315 3373 1374 3408 carm
1393 3373 1437 3421 eo,
1456 3354 1502 3423 qui
1522 3354 1611 3406 minus
1634 3353 1680 3407 ilio
1701 3353 1795 3418 offert,
1821 3357 1986 3410 oontrshrre.

399 3443 552 3502 ffi'aetruord·
571 3437 688 3494 Crimin.
706 3446 732 3490 et
750 3440 783 3490 L.
802 3437 830 3490 in
852 3438 1048 3492 Dardnnurs‘os
1068 3452 1110 3491 at.
1125 3439 1167 3510 ff
1219 3444 1384 3511 Quamquam
1397 3440 1425 3511 si
1439 3439 1477 3492 ¹ad
1497 3438 1556 3492 Poli
1571 3435 1657 3492 iurum
1677 3441 1807 3508 eiusmodi
1822 3443 1986 3497 uenditorem

400 3535 432 3584 de
452 3531 543 3582 Poen.
560 3522 636 3592 Quod
655 3538 717 3575 vero
736 3521 817 3573 etium
836 3519 864 3571 hi
876 3519 908 3571 ad
922 3522 1099 3575 burdonarios
1113 3523 1167 3576 sint
1219 3525 1342 3579 reducere
1360 3524 1469 3588 vellem,
1488 3522 1567 3576 aliter
1585 3522 1674 3578 foranu
1692 3523 1725 3578 de
1744 3543 1775 3580 eo
1795 3524 1987 3599 ioretpronuu·

401 3609 551 3671 referendi,
572 3623 625 3658 non
646 3614 748 3658 tautum
775 3603 837 3656 inde
861 3603 950 3671 ouliigi
976 3613 1073 3675 potest,
1098 3606 1168 3676 quod
1218 3609 1355 3675 ciendum,
1375 3627 1436 3660 cum
1456 3609 1570 3662 scienter
1589 3609 1719 3676 injustum
1738 3621 1847 3682 appetat
1860 3613 1985 3681 pretium,

401 3695 647 3761 periuriumque
658 3689 837 3743 Dardauerios
845 3689 978 3758 originem
992 3689 1095 3742 trabere
1107 3709 1166 3760 per-
1219 3694 1325 3748 Couier.
1344 3695 1378 3748 rie
1394 3695 1445 3748 boe
1464 3691 1687 3746 bardenei-iorum
1711 3711 1807 3762 genere
1825 3697 1879 3748 Du.
1897 3697 1986 3752 Struv.

402 3781 514 3844 hibent,
533 3793 585 3828 non
605 3776 689 3828 solum
708 3772 817 3840 magieis
829 3774 931 3826 artibus
944 3791 1074 3826 erumnam
1093 3792 1167 3828 rexa-
1220 3781 1324 3834 Exere.
1344 3789 1386 3832 ts.
1406 3775 1491 3847 ndff.
1509 3777 1547 3830 tia.
1569 3789 1611 3829 re.
1631 3777 1719 3832 Celer.
1736 3780 1769 3834 de
1786 3780 1920 3838 Aiiment.
1941 3783 1987 3836 lib.

401 3863 486 3922 serit,
502 3871 531 3914 et
549 3859 682 3913 frumenta
701 3859 730 3909 iu
753 3876 797 3910 sua
819 3859 911 3912 horrea
927 3859 1067 3924 averterit,
1083 3861 1129 3914 sed
1141 3871 1168 3915 et
1223 3876 1245 3919 1.
1264 3883 1287 3917 c.
1311 3874 1352 3914 tr.
1371 3879 1401 3915 n.
1422 3871 1465 3915 st.

402 3947 478 4000 [slsis
497 3946 630 3998 mensuris
648 3941 677 3994 in
696 3941 866 3996 admetiendo
882 3961 945 3996 usus
959 3942 1108 4008 sustiueri
1127 3945 1168 3999 di·
1254 3948 1336 4001 eon-0
1353 3945 1386 3998 ad
1410 3945 1587 4000 Dardanas-ios
1612 3946 1660 3998 hos
1683 3965 1765 4017 quoq:
1792 3945 1886 3999 referri
1911 3967 1988 4020 posse

401 4043 473 4088 ctum
492 4047 565 4099 supr.
584 4045 643 4097 cup.
668 4041 688 4079 1.
709 4047 738 4081 n.
756 4039 781 4080 ⁵.
802 4027 854 4079 sed
873 4027 970 4081 exinde
993 4027 1068 4083 facile
1087 4033 1166 4086 etiam
1218 4030 1444 4096 existimauerim,
1463 4031 1509 4100 qui
1528 4049 1628 4084 messes
1647 4030 1817 4098 immaturas,
1831 4031 1870 4084 rei
1887 4031 1988 4088 fructus

406 4119 506 4186 liquet,
524 4114 585 4184 quia
600 4114 627 4166 in
641 4112 667 4166 d.
680 4115 713 4166 L.
729 4126 742 4165 e
767 4112 941 4166 Dardanuriis
953 4127 1168 4182 annumerantur,
1218 4118 1303 4172 adhue
1321 4116 1350 4168 in
1364 4115 1455 4169 herbis
1467 4115 1620 4178 latitantes,
1634 4116 1669 4166 ob
1682 4115 1803 4168 caritatis
1815 4126 1916 4170 metum
1929 4136 1988 4171 coe·

400 4220 431 4254 ea
448 4199 578 4252 nimirum
592 4197 784 4269 propter,quia
794 4215 924 4250 annonam
939 4217 991 4252 nou
1005 4199 1098 4254 levi-er
1111 4220 1168 4268 gru·
1219 4191 1309 4266 auertit,
1322 4217 1388 4271 quos
1401 4200 1475 4270 ipsos
1488 4199 1521 4252 ad
1535 4199 1713 4252 Dardnnarios
1726 4217 1812 4270 quoq;
1828 4200 1921 4254 retulit
1935 4203 1989 4254 Dn.

402 4296 479 4346 rante
498 4283 534 4336 Et
551 4281 581 4334 iu
599 4283 626 4335 d·
643 4285 676 4336 L.
697 4294 739 4335 st.
747 4277 788 4348 ffl
808 4283 840 4335 de
855 4301 934 4351 poen.
955 4299 1078 4355 expresse
1099 4288 1166 4341 Dar·
1220 4287 1308 4338 Strur.
1326 4282 1353 4335 d·
1365 4284 1469 4338 Exere·
1491 4291 1532 4331 ⁴⁸·
1551 4280 1587 4330 td·
1609 4291 1651 4336 ’19-
1672 4278 1725 4332 Set!
1738 4299 1826 4336 antron
1840 4283 1916 4350 piune
1934 4281 1989 4336 ilii·

400 4368 504 4424 (lanarii
523 4378 664 4430 eocautur,
684 4377 714 4419 ut
726 4365 866 4420 dubitandi
882 4368 995 4439 amptius
1006 4387 1069 4422 susa
1083 4371 1168 4424 subsit
1216 4371 1269 4422 cita
1286 4364 1415 4436 ejusmodi
1430 4362 1533 4416 suturae
1545 4361 1640 4416 messis
1654 4363 1755 4434 emptio
1769 4364 1822 4430 sit,
1835 4365 1881 4418 bie
1891 4383 1990 4438 oppor-

398 4455 488 4521 nulia,
506 4472 558 4526 quo
577 4453 666 4506 miuus
679 4461 708 4506 et
726 4452 774 4506 bos
793 4451 966 4505 Dandum-uiis
985 4472 1166 4509 annumerem.
1218 4464 1282 4506 tuuo
1299 4452 1356 4504 ioco
1375 4449 1466 4522 quaeri
1486 4467 1563 4518 posse
1579 4445 1703 4502 uidetur?
1722 4447 1888 4504 Felicissime
1901 4461 1989 4506 antem

399 4538 538 4610 Quomodo
555 4548 642 4592 autem
662 4555 764 4590 annona
784 4537 892 4590 stateris
910 4539 1103 4593 adulteriniset
1116 4540 1165 4593 sal·
1219 4541 1284 4592 itanc
1304 4537 1388 4608 ipsam
1412 4533 1595 4604 quaestionem
1613 4529 1735 4604 expediri
1755 4550 1833 4604 posse
1850 4535 1989 4588 existime-

399 4623 437 4676 sis
457 4623 588 4676 mensuris
605 4632 739 4676 oneretur.
757 4619 843 4691 iufra·
862 4640 921 4690 cap.
936 4643 998 4694 peu.
1024 4635 1050 4676 et
1073 4626 1120 4680 ult.
1140 4645 1168 4680 se
1216 4622 1316 4684 verim,
1330 4620 1353 4672 si
1368 4618 1578 4672 modomoderna
1591 4637 1621 4672 ac
1634 4618 1763 4672 hodierna
1777 4621 1889 4692 imperii
1902 4621 1989 4673 nostri

398 4705 507 4758 dicendi
524 4705 627 4757 oecssiu
645 4705 792 4758 exhibebit.
1217 4711 1288 4778 jura,
1307 4705 1340 4758 ab
1358 4705 1537 4758 anterioribus
1557 4703 1626 4769 iilis,
1645 4723 1711 4774 quse
1730 4705 1758 4758 iu
1779 4706 1900 4777 Corpore
1911 4707 1986 4761 Juris

432 4789 579 4860 Explicatis
596 4791 649 4858 jam
668 4789 849 4859 quadantenus
868 4793 955 4846 tribus
972 4794 1046 4849 hisce
1064 4797 1166 4852 Darda.
1217 4789 1361 4855 habentur,
1380 4799 1544 4858 separantur.
1563 4788 1604 4842 De
1623 4789 1679 4857 jure
1698 4790 1771 4843 enisu
1791 4790 1984 4846 Pandectarum
2026 4803 2058 4844 rt

397 4875 534 4926 uariorum
552 4873 709 4942 generibus,
729 4873 762 4926 de
779 4873 881 4928 duobus
898 4877 984 4932 adbuc
1001 4879 1105 4932 ensibus
1124 4883 1164 4935 ri·
1217 4893 1259 4928 res
1278 4871 1358 4926 dubio
1377 4889 1467 4925 carere
1484 4872 1603 4941 videtur,
1623 4889 1682 4927 eum
1701 4893 1732 4927 eo
1745 4876 1803 4942 jure
1815 4875 1917 4928 licitam
1932 4893 1990 4930 esse

399 4955 515 5011 deudum
534 4958 601 5021 erit,
619 4957 665 5026 qui
683 4977 698 5010 a
718 4957 769 5009 Dd.
784 4971 968 5027 recensentur,
983 4981 1107 5032 quorsum
1121 4983 1164 5020 re.
1216 4961 1285 5012 hanc
1293 4957 1490 5023 venditionem,
1502 4959 1653 5012 communis
1671 4959 1708 5012 sit
1719 4958 1862 5024 sententia,
1875 4959 1904 5011 in
1918 4958 1987 5031 ipsis

399 5041 502 5094 ferendi
522 5040 563 5093 itti
582 5043 654 5105 siut,
672 5041 705 5094 ud
722 5043 923 5113 Monopolium,
935 5065 970 5098 sn
982 5047 1016 5099 ad
1030 5049 1165 5104 Dardana-
1217 5047 1283 5116 iuris
1308 5043 1394 5098 nostri
1417 5043 1535 5096 textibus
1559 5041 1685 5108 fundate,
1704 5044 1781 5097 utin
1800 5047 1833 5098 L.
1854 5055 1878 5095 e.
1895 5059 1939 5114 pr.
1948 5041 1991 5113 ffi

399 5121 515 5178 riuturni
527 5125 627 5178 Omnes
640 5126 714 5179 enim
726 5144 801 5180 casus
815 5127 843 5179 iu
857 5127 924 5200 Lege
936 5133 1165 5203 eomprehendere,
1217 5132 1250 5184 de
1267 5128 1400 5187 Contrnb.
1420 5127 1516 5198 Empt.
1536 5133 1569 5184 L·
1589 5140 1630 5181 te.
1650 5126 1674 5200 §-
1694 5127 1744 5182 uit.
1753 5125 1795 5199 ff
1813 5127 1874 5182 eod·
1892 5129 1925 5180 L
1947 5137 1990 5177 25.

398 5208 591 5278 qandsmmodo
609 5209 765 5278 legislatori
784 5209 837 5263 fuit
849 5211 1031 5283 impossibiie,
1045 5235 1104 5270 cum
1117 5237 1164 5272 na.
1205 5213 1246 5283 ff
1260 5217 1293 5270 de
1304 5213 1418 5268 Action.
1431 5215 1527 5285 Empe.
1538 5211 1616 5266 Cous.
1631 5213 1827 5284 Ampius-Du.
1842 5211 1989 5265 D.Bruun.

400 5302 458 5346 tura
477 5311 557 5346 novas
576 5291 734 5365 deproperet
751 5296 829 5349 edere
847 5295 946 5352 formas
963 5319 1011 5371 per
1025 5305 1057 5355 1..
1074 5305 1166 5358 Tanta
1216 5299 1286 5372 desp.
1305 5297 1339 5354 de
1356 5301 1417 5368 Spe.
1436 5317 1459 5351 c.
1482 5310 1505 5350 e.
1526 5317 1555 5350 n.
1575 5308 1600 5350 2.
1620 5297 1764 5354 Wissenb.
1784 5301 1821 5353 Ρ.
1844 5307 1866 5350 1.
1887 5297 1988 5350 Exere.

401 5373 467 5451 λς
489 5390 529 5431 ¹8·
547 5379 580 5436 G.
598 5381 631 5434 de
654 5382 687 5434 V.
706 5385 729 5436 1.
748 5380 783 5434 E.
803 5381 848 5435 liii
866 5383 969 5456 itaque,
988 5384 1035 5457 qui
1053 5384 1086 5440 de
1099 5403 1165 5442 noso
1217 5395 1259 5439 st.
1279 5385 1315 5440 ad
1320 5383 1361 5456 ff
1379 5383 1417 5438 st.
1437 5396 1461 5438 e.
1481 5385 1538 5438 Hoc
1557 5383 1646 5456 ipsum
1662 5394 1750 5439 tamen
1765 5383 1896 5439 hodierno
1910 5381 1987 5454 jure,
2030 5393 2061 5446 η
