4424 6340
436 516 486 570 sss

365 640 407 674 nie
426 617 577 679 occultent,
598 615 668 668 eiius
694 613 721 668 in
731 609 884 682 fimoruli,
904 613 975 666 olitis
991 613 1042 665 sub
1061 613 1132 664 exii-

365 707 416 770 lis,
438 705 510 760 clius
535 702 562 754 in
589 699 699 763 tunice,
725 709 839 770 quartus
869 698 898 750 in
929 697 1023 752 ocreis.
1053 698 1131 751 illone

366 790 453 860 igitur
478 787 560 842 solito
591 786 622 840 lii
650 786 818 840 Mercatores
848 783 977 852 templum
1009 784 1110 836 adeunt
1121 819 1131 846 ,

365 883 475 948 peracto
505 889 587 926 sacro
616 870 655 926 ed
682 867 863 924 diversorium
904 867 1026 922 redeunt.
1057 870 1134 922 Inter

364 961 555 1033 prendendum
574 953 697 1009 meminit
715 971 785 1010 unus
803 970 896 1008 eornm
915 949 1041 1020 descire,
1066 969 1133 1004 num

368 1045 429 1118 quis
460 1043 569 1100 eumin
601 1040 701 1110 templo
721 1037 849 1102 uidisset,
874 1036 905 1090 iti
926 1037 1029 1108 singuli
1051 1055 1135 1107 nege·

372 1129 447 1182 bunt.
466 1128 528 1180 Hoc
545 1124 632 1188 dicto,
642 1120 701 1191 sur
717 1122 775 1191 ipse
793 1121 822 1173 in
842 1122 1021 1176 coenaculum
1045 1119 1133 1184 uenit,

367 1215 499 1269 convivus
526 1214 652 1274 salutat,
670 1219 772 1277 roget,
802 1225 868 1260 num
891 1223 1024 1260 memores
1047 1211 1136 1258 essent

367 1297 456 1368 pacti,
476 1307 580 1352 octauo
598 1293 641 1346 die
659 1289 731 1344 inter
748 1305 795 1342 eos
812 1287 889 1354 initi,
909 1309 946 1344 on
966 1306 1046 1340 tiemo
1065 1286 1137 1354 ipso·

379 1400 440 1434 rum
471 1377 631 1448 perdidisset
658 1391 814 1428 crumenam
839 1389 933 1434 suanm
956 1371 1059 1440 singuli
1073 1385 1138 1424 suus

370 1467 536 1540 perquirunt.
554 1467 629 1518 Unus
649 1473 729 1531 atque
748 1459 820 1512 niter
833 1459 972 1521 dixerunt,
986 1474 1034 1524 ego
1049 1472 1138 1508 meam

372 1553 474 1616 liolieo,
495 1549 566 1602 atius
584 1567 633 1616 ego
653 1563 758 1616 quoque
777 1561 876 1604 meam,
895 1556 966 1595 unus
982 1556 1050 1594 vero
1062 1557 1137 1592 eom·

370 1635 460 1708 perite
486 1642 594 1703 purtem
626 1628 753 1683 inaiiicee
780 1644 847 1681 stiae
873 1643 929 1680 unu
953 1643 1013 1679 eum
1036 1641 1140 1678 crume-

373 1742 411 1776 na
442 1718 527 1773 simui
553 1717 709 1772 abscissum.
741 1713 803 1766 Fur
829 1710 952 1767 eumdem
982 1708 1055 1762 illico
1087 1719 1142 1760 tre·

377 1810 426 1864 dit.
450 1809 590 1861 Mercator
613 1811 695 1871 roget
722 1797 818 1872 quibus
837 1795 940 1851 technis
962 1794 992 1848 id
1003 1791 1142 1862 ficisset?

375 1888 538 1950 Novacula,
558 1882 663 1956 inquit,
686 1893 786 1945 uento,
813 1891 839 1934 et
861 1879 960 1948 pollice
983 1878 1142 1948 plumbato,

376 1969 615 2055 ipprocessiene,
642 1977 669 2020 et
685 1964 781 2036 popuii
798 1961 1005 2032 compressione.
1029 1960 1084 2014 llic
1101 1977 1145 2012 ea·

377 2057 494 2113 cttnnus
509 2054 623 2118 tollitur,
643 2047 748 2119 artifex
766 2047 907 2109 laudatum
925 2065 942 2098 a
958 2045 1080 2115 prandio
1088 2040 1147 2111 sur

375 2142 522 2196 dimittitur
545 2148 571 2192 et
587 2137 693 2191 duobus
712 2131 802 2186 aureis
821 2138 944 2194 ornetur,
959 2127 1145 2182 adsuniorem

379 2225 486 2281 interim
506 2233 637 2287 mentem,
657 2231 683 2273 et
701 2220 737 2273 ed
755 2211 969 2285 resipiscentium
988 2212 1077 2284 ipsum
1097 2213 1147 2268 od-

378 2323 499 2368 monent.

417 2399 572 2462 Caeterum,
594 2403 624 2449 ot
636 2412 669 2449 ex
680 2393 731 2461 jain
743 2403 867 2447 ennarats
881 2391 1018 2456 Historia,
1032 2398 1059 2442 et
1071 2387 1147 2440 mille

380 2486 440 2541 eliis
453 2484 556 2539 abunde
568 2489 681 2543 constat,
693 2477 764 2547 quud
778 2479 886 2532 Zonerii
901 2488 929 2531 et
948 2474 1149 2528 crumenisecse

381 2574 592 2641 ingeniosissimi
606 2566 759 2634 plerumque
773 2563 894 2616 homines
908 2563 979 2624 sint,
994 2559 1083 2611 minus
1102 2554 1148 2608 sd·

382 2653 534 2712 mirationis
548 2651 651 2713 subest,
664 2665 745 2718 quare
760 2659 812 2700 tem
826 2645 1004 2700 diversimode
1022 2643 1073 2694 boc
1097 2641 1148 2694 ori·

381 2758 443 2796 men
457 2743 635 2809 perpetretur.
649 2731 753 2785 Etenim
768 2729 929 2784 abscindunt
938 2729 986 2781 alii
999 2741 1149 2788 crumenas,

380 2823 426 2877 ulii
440 2837 473 2874 ex
484 2819 584 2872 saeculo
599 2825 673 2869 caute
686 2814 849 2875 subducunt,
864 2811 999 2864 interdum
1013 2827 1041 2862 se
1055 2825 1146 2880 perso-

382 2923 431 2958 nas
450 2904 570 2955 illustres
584 2917 641 2952 esse
661 2897 800 2959 simulent,
820 2903 847 2946 et
866 2891 1004 2964 splendido
1023 2891 1151 2945 comitatu

381 2989 523 3050 incedunt,
535 2995 567 3037 ut
584 3001 614 3036 eo
634 2982 721 3034 minor
738 2981 854 3050 suspicio
873 2978 940 3032 iusti
960 2975 1147 3029 committendi

382 3074 466 3134 edsite
485 3072 516 3123 In
530 3070 651 3122 tabernas
664 3075 737 3126 eunt,
750 3063 897 3135 praecipuis
912 3081 940 3115 se
950 3061 1060 3125 sociant,
1072 3077 1150 3129 quos-

381 3158 450 3208 lihet
462 3153 597 3207 discursus
610 3148 725 3202 formare
743 3148 826 3216 gnari.
848 3146 962 3199 Interim
975 3145 1014 3199 vel
1028 3143 1090 3214 ipsi,
1108 3145 1152 3197 vel

382 3235 504 3289 ministri
522 3231 678 3287 occasiones
707 3238 850 3299 quaeruut,
876 3230 917 3281 vel
936 3228 1060 3298 pecuniis
1076 3236 1153 3280 ceute

382 3316 571 3380 subtrahendi,
584 3316 625 3368 vel
639 3315 662 3367 si
675 3314 724 3366 boe
736 3322 875 3382 nequeant,
894 3307 975 3364 fidem
995 3311 1048 3365 sibi
1061 3313 1148 3366 conci.

935 512 1124 570 ntsetJTtT.
1143 515 1193 568 111.
1211 515 1327 571 ctett
1344 519 1381 570 tt.

1828 531 1876 594 154

1182 611 1277 666 iendis
1290 627 1441 686 occupatur,
1453 627 1551 671 certum
1564 616 1693 672 simiorum
1706 621 1843 678 mileviem
1853 665 1860 692 ,
1872 640 1952 699 pisus

1183 698 1234 764 jein
1246 709 1400 754 auriotitum
1419 702 1489 755 olere
1507 703 1585 768 solet,
1600 705 1735 759 serissime
1746 725 1814 762 unus
1827 714 1948 768 Saeculo·

1183 780 1282 834 riorum
1296 784 1405 836 crimini
1418 787 1545 857 patrando
1559 804 1586 839 se
1597 788 1715 857 accinget
1727 793 1815 858 solus,
1829 797 1873 848 sed
1889 800 1951 852 sub-

1184 864 1308 920 sidissios
1321 870 1475 941 plerumque
1487 869 1594 924 habehit
1604 873 1729 937 comites,
1741 877 1786 945 qni
1799 877 1826 930 in
1846 897 1952 934 ornnem

1184 963 1305 1006 eventurn
1319 956 1458 1010 subductas
1470 975 1513 1011 res
1524 958 1565 1013 vel
1577 959 1674 1021 celere,
1689 959 1730 1012 vel
1747 962 1853 1015 domum
1867 975 1952 1036 porte·

1186 1055 1215 1090 re
1226 1049 1383 1107 sueverunt,
1396 1059 1431 1094 ne
1447 1041 1496 1094 bec
1508 1043 1611 1096 tutione
1629 1043 1662 1095 iss
1682 1043 1813 1116 iueepips'i
1832 1048 1889 1119 ipse
1906 1051 1953 1119 qni

1186 1120 1286 1175 lurtum
1321 1125 1510 1190 commiserat,
1543 1127 1706 1180 saccularius
1733 1127 1953 1200 deprehendetur.

1187 1205 1259 1259 Hinc
1276 1209 1413 1262 commode
1429 1210 1495 1267 setis
1514 1209 1565 1262 hnc
1584 1211 1678 1263 reterri
1691 1223 1802 1283 possunt
1821 1215 1874 1279 illi,
1889 1234 1958 1287 quos

1186 1287 1316 1359 [ipimus
1326 1289 1356 1341 in
1375 1290 1395 1341 l.
1415 1303 1438 1342 s.
1450 1287 1474 1360 §-
1482 1286 1591 1361 finffi
1612 1292 1651 1346 od
1668 1295 1686 1344 1:
1708 1296 1767 1348 Jul.
1778 1297 1893 1366 peculat.
1913 1298 1957 1349 de·

1188 1373 1283 1425 scribit
1296 1374 1342 1427 ita.
1362 1377 1391 1426 Is
1407 1383 1498 1428 aretem
1517 1373 1697 1447 qnisnmndi
1712 1379 1803 1432 sirium
1814 1381 1954 1450 praebuit,

1186 1457 1299 1526 perinde
1316 1459 1445 1522 doletur,
1465 1479 1499 1514 uc
1514 1461 1541 1513 si
1557 1459 1699 1530 manifesti
1704 1460 1783 1532 furti
1793 1465 1957 1522 coiidemnu·

1189 1550 1231 1594 tus
1250 1551 1319 1594 esset
1325 1581 1335 1608 ,
1353 1553 1379 1594 et
1385 1541 1521 1612 famosus
1539 1543 1669 1614 efficitur.
1687 1548 1749 1600 Tib.
1765 1549 1872 1602 Decies.
1893 1553 1960 1603 Tre·

1190 1636 1254 1680 ctut-
1272 1628 1418 1684 Criminai.
1437 1629 1455 1680 i.
1475 1643 1500 1682 s.
1517 1651 1541 1684 c.
1560 1642 1603 1682 28.
1616 1649 1643 1683 n.
1664 1643 1705 1684 ³2.
1725 1633 1839 1686 Verisnt
1851 1634 1960 1704 quidem

1191 1709 1374 1783 Exemplnria,
1389 1713 1452 1767 dum
1464 1716 1514 1768 elis
1533 1733 1581 1788 pro
1591 1717 1684 1768 sinum
1693 1719 1821 1788 praeiere
1833 1755 1840 1782 ,
1852 1718 1961 1790 signum

1190 1797 1320 1865 praebere
1341 1799 1444 1868 legium
1464 1799 1511 1852 sed
1536 1801 1599 1854 bsee
1617 1801 1697 1854 lectio
1715 1802 1767 1870 jum
1786 1803 1965 1855 communiter

1195 1878 1250 1933 iere
1261 1882 1366 1952 explosa
1386 1892 1442 1947 est,
1456 1884 1613 1953 praesertim
1627 1901 1685 1936 cum
1699 1903 1751 1938 nen
1765 1887 1869 1954 signum
1890 1903 1963 1956 prse-

1195 1962 1266 2030 bere,
1286 1965 1331 2018 sed
1349 1968 1539 2036 signum-dire,
1557 1971 1662 2039 puriori
1673 1970 1817 2037 latinitate,
1828 1990 1878 2042 que
1890 1981 1962 2026 cette

1196 2051 1226 2102 in
1234 2051 1353 2121 Digestis
1365 2054 1404 2105 usi
1418 2062 1481 2106 sunt
1492 2054 1564 2120 JCti,
1579 2056 1691 2121 «licetur,
1704 2069 1731 2110 et
1745 2056 1964 2129 idemUlpienus,

1196 2137 1243 2208 qui
1260 2139 1286 2191 d.
1305 2139 1324 2190 l.
1344 2152 1368 2191 t.
1392 2139 1495 2194 Auctor.
1515 2151 1572 2208 est,
1595 2142 1627 2194 in
1643 2143 1661 2194 l·
1684 2157 1707 2196 t.
1726 2144 1753 2195 in
1758 2141 1818 2213 fin.
1829 2143 1870 2214 ff
1889 2143 1928 2197 ed
1944 2145 1961 2193 i.

1198 2227 1259 2278 lul·
1287 2227 1411 2280 Peculnt.
1425 2227 1518 2281 Phrasi
1544 2228 1609 2292 hae,
1632 2229 1746 2297 Signum
1782 2231 1848 2283 dere
1872 2230 1967 2282 utitur.

1200 2309 1363 2378 Quamquam
1371 2318 1398 2361 et
1409 2319 1512 2362 retente
1524 2310 1852 2382 vulgmilectinnedurqui
1861 2311 1968 2382 signum

1200 2390 1288 2456 dedit,
1300 2391 1335 2444 sb
1352 2391 1401 2444 heo
1413 2402 1501 2444 nostre
1515 2394 1623 2446 mutetis
1642 2410 1695 2446 non
1714 2393 1781 2449 odeo
1811 2395 1834 2448 it
1856 2394 1965 2448 atterius.

1199 2477 1234 2532 Et
1247 2477 1364 2546 gestibus
1376 2477 1484 2547 enimjet
1499 2479 1609 2532 nutibus
1623 2479 1675 2533 sibi
1689 2481 1852 2535 occasionem
1866 2481 1972 2534 iurandi

1198 2561 1340 2616 ostendere
1356 2563 1442 2615 solem
1466 2563 1624 2627 Sneciilsn'i,
1642 2572 1672 2616 ut
1690 2579 1722 2616 eo
1739 2565 1843 2617 mutim
1860 2563 1971 2617 merceri

1202 2649 1314 2701 discant.
1333 2647 1410 2716 Quod
1430 2649 1460 2700 in
1474 2649 1634 2702 Directniiis
1653 2649 1737 2718 erigis
1756 2650 1972 2720 frequentatum

1201 2734 1245 2786 his
1259 2733 1331 2784 enim
1347 2733 1422 2801 signe
1431 2735 1535 2807 saepius
1543 2734 1639 2788 dantur
1664 2744 1692 2787 et
1704 2753 1781 2788 ansae
1798 2735 1971 2808 suppediten-

1203 2824 1261 2881 tur,
1272 2815 1368 2885 quibus
1380 2833 1410 2868 eo
1421 2816 1587 2868 commodius
1609 2817 1637 2868 in
1657 2817 1734 2870 sodes
1753 2817 1852 2871 eliense
1867 2835 1895 2870 se
1906 2817 1974 2870 diri·

1202 2917 1263 2969 gere
1280 2899 1400 2971 possitne
1414 2900 1527 2970 Insuper
1541 2900 1623 2970 aliqui
1636 2901 1666 2952 in
1685 2902 1805 2955 excubiis
1818 2923 1831 2954 s
1851 2904 1973 2956 Directi·

1203 2985 1252 3038 riis
1265 2984 1393 3036 constitui
1407 2983 1501 3048 solent,
1511 2985 1567 3054 qui,
1576 2985 1599 3036 si
1610 2985 1796 3039 adventantem
1810 2987 1924 3058 aliquem
1940 2990 1976 3041 vi·

1202 3067 1295 3132 deant,
1306 3065 1455 3120 Directsrio
1467 3065 1568 3120 iuranti
1581 3067 1687 3136 signem
1700 3068 1773 3133 dent,
1787 3069 1976 3142 nedepiehen·

1202 3149 1343 3214 distende
1367 3151 1464 3223 quibus
1491 3151 1520 3202 in
1534 3151 1653 3205 excubiis
1671 3153 1825 3206 coristitutis
1851 3157 1920 3226 egit,
1941 3155 1972 3207 B.

1203 3237 1259 3290 nn.
1277 3237 1368 3308 Cirpi·
1384 3240 1481 3290 Prote.
1503 3239 1590 3292 cresc·
1605 3241 1686 3292 Part.
1707 3249 1731 3289 t.
1754 3243 1865 3308 Quaeri.
1885 3251 1928 3293 st.
1947 3260 1974 3294 n.

1204 3330 1245 3372 tt.
1260 3323 1300 3374 m
1318 3323 1347 3375 in
1369 3321 1528 3392 Jurisprud.
1544 3322 1661 3375 Furens.
1672 3341 1699 3392 p.
1714 3332 1738 3373 t.
1758 3335 1845 3376 const.
1865 3337 1907 3377 ts.
1921 3327 1976 3380 tte-

382 3405 465 3466 lisnt,
491 3413 629 3473 praetenso
655 3396 766 3450 Domini
784 3395 955 3457 auctoritate,
974 3411 1027 3465 qim
1051 3415 1151 3452 merces
1192 3403 1252 3477 fin.
1275 3417 1296 3459 i.
1317 3415 1343 3458 et
1359 3423 1430 3476 seqq.
1451 3405 1563 3458 Retenta·
1582 3403 1769 3475 sutemprime
1789 3407 1916 3472 lectione,
1930 3410 1980 3480 nin*

383 3485 501 3556 qttaStit,
514 3483 582 3556 ipsis
601 3481 654 3535 fille
674 3479 1028 3544 habl¹²s⁰¹²¹¹⁸i¹¹²²i⁰³l⁰r·
1042 3479 1100 3533 1³1⁰
1119 3482 1149 3534 ln
1191 3489 1311 3560 fierunti
1330 3491 1422 3544 sinum
1446 3491 1589 3562 praebuit,
1608 3491 1748 3544 commode
1769 3509 1799 3544 es
1820 3494 1977 3548 Succuleriis

385 3569 500 3622 tabernis
517 3569 631 3622 sacculos
648 3567 801 3635 plerumque
810 3559 968 3615 subtrahunt
986 3563 1151 3630 ementibns;

386 3658 435 3710 Vel
459 3653 513 3724 ipsi
541 3651 603 3704 dum
628 3649 692 3720 qnid
712 3658 819 3711 emunt,
843 3645 954 3718 pecunia
982 3644 1151 3701 adnumerata

384 3757 414 3792 uc
427 3741 455 3792 in
469 3736 583 3790 sacerdos
598 3732 711 3804 reposita
719 3767 727 3795 ,
741 3729 897 3782 subtrahere
909 3731 1038 3782 socculum
1056 3730 1153 3785 iterum

388 3831 413 3873 et
436 3821 517 3874 elium
541 3832 687 3888 supponere
705 3813 798 3867 solent.
823 3813 982 3884 Exemplum
1014 3814 1092 3882 hujus
1110 3833 1154 3885 ge·

385 3906 457 3960 neris
470 3901 612 3973 jucundum
632 3899 712 3952 hibet
730 3895 857 3966 Synesins
879 3897 962 3965 Epist.
986 3909 1041 3949 tt't.
1056 3899 1089 3950 de
1107 3899 1157 3951 Eu-

385 3989 469 4044 thulio
481 3985 640 4046 Laudiceno,
655 3981 750 4050 dequo
764 3978 898 4032 interulis
914 3979 976 4032 haec
1004 3980 1082 4033 hebet
1101 3999 1157 4034 ver·

386 4075 434 4127 buz
466 4068 599 4124 Auditum
618 4064 669 4118 tili
685 4063 798 4116 omnino
817 4072 858 4114 est
883 4079 937 4134 por
959 4062 1028 4116 illud
1054 4080 1156 4119 niursu-

385 4160 509 4228 piorum,
529 4173 598 4224 quae
616 4150 701 4204 inulto
718 4149 830 4202 Euineli
846 4148 922 4219 equis
941 4148 1090 4202 versutiores
1101 4148 1157 4218 sa·

332 4269 335 4274 ¹
387 4244 481 4305 ciens,
500 4239 529 4290 in
548 4253 605 4290 uno
630 4233 735 4306 quidem
761 4249 858 4286 nereos
878 4232 989 4297 obolos,
1017 4232 1045 4284 in
1072 4233 1157 4287 ultero

388 4339 487 4380 oiireos
512 4332 640 4374 nummos
664 4317 795 4370 condidit.
824 4313 893 4368 Inde
918 4317 1034 4370 alterum
1062 4316 1160 4371 tiorum

384 4407 544 4471 ostendens,
564 4406 679 4458 alterum
692 4403 847 4466 destillant,
867 4403 914 4456 uti
926 4415 1158 4470 enitmerui’erunt,

385 4496 433 4552 uti·
449 4491 647 4566 appenderunt,
666 4487 714 4542 uti
730 4487 846 4560 denique
862 4489 971 4559 publico
989 4489 1081 4559 sigillo
1108 4507 1159 4544 tiu·

385 4599 446 4634 rum
460 4576 655 4648 obsignarunt,
669 4573 740 4628 clem
761 4573 877 4628 alterum
884 4610 893 4638 ,
913 4573 973 4626 loeo
986 4573 1061 4627 iltius
1070 4573 1160 4642 subje-

383 4665 433 4729 cit,
448 4674 474 4716 et
490 4679 541 4732 pro
561 4658 653 4714 eureis
672 4660 768 4712 obolos
788 4655 868 4712 inuit.
888 4659 928 4708 At
945 4656 987 4709 illi
1007 4656 1034 4710 in
1046 4658 1162 4728 publicis

392 4747 475 4801 ratt-
493 4745 613 4814 confessi
628 4753 720 4808 eront,
739 4760 822 4813 penes
840 4760 980 4796 securum
996 4759 1067 4810 esse,
1082 4744 1162 4818 idque

389 4855 468 4908 quem
481 4833 599 4905 primum
611 4834 772 4903 perlaturos.
787 4835 863 4884 ttaec
878 4851 936 4884 imo
948 4848 991 4886 res
1003 4832 1164 4888 Euthnlium

387 4923 417 4974 in
438 4917 556 4986 amplam
565 4915 717 4982 firtonum
735 4914 880 4984 provexit:
901 4916 979 4968 Nulli
1002 4913 1075 4968 enini
1091 4917 1162 4970 risus

366 5011 370 5022 '
387 5017 439 5072 pro
454 4997 576 5070 Reiputt.
591 4997 685 5050 dolore
697 4997 951 5066 percutiebat-Sed,
965 5007 1053 5070 utpote
1069 4998 1162 5064 uirum,

383 5099 451 5154 pree
476 5079 617 5143 omnibus,
637 5079 684 5151 qui
713 5073 834 5151 unquu'm
860 5079 1025 5147 extiterunt,
1047 5083 1163 5150 praesti·

388 5165 498 5233 piorum
516 5162 645 5217 collidunt
661 5161 754 5215 videre
771 5162 930 5230 gestiebant.
958 5165 1028 5216 llaec
1053 5163 1110 5227 itte,
1129 5179 1161 5214 ex

387 5266 439 5319 quo
450 5247 575 5318 quaedum
590 5247 668 5300 habet
687 5246 773 5314 aniic.
788 5247 805 5297 i.
829 5261 867 5298 to.
887 5248 944 5301 obs.
959 5259 999 5297 tt.

321 5346 350 5388 tt
427 5335 495 5402 Quia
508 5345 594 5386 nutem
608 5335 657 5386 huc
670 5351 752 5400 genus
766 5335 990 5398 Succuluriornin,
1004 5332 1072 5404 quod
1091 5333 1160 5386 cirea

389 5420 528 5492 marsupia
542 5419 663 5486 secunda,
678 5420 717 5473 vel
736 5420 850 5475 incautis
863 5436 904 5473 res
924 5437 981 5474 snus
1001 5431 1074 5473 corito
1087 5419 1133 5472 uni
1151 5449 1159 5457 -

1203 3575 1304 3647 poterit
1320 3573 1461 3646 appliceris
1477 3574 1573 3626 Sinum
1587 3573 1660 3626 enim
1674 3573 1801 3643 praebere
1818 3573 1917 3628 iuranti
1936 3585 1979 3628 est

1203 3669 1306 3732 partem
1325 3658 1482 3711 vestimenti
1494 3657 1623 3711 laxiorem
1635 3655 1711 3727 (quoe
1729 3659 1830 3712 solebat
1843 3660 1871 3711 in
1890 3661 1981 3714 hume·

1204 3760 1264 3796 rum
1278 3741 1368 3812 rejici)
1386 3741 1514 3812 pecuniae
1529 3739 1632 3794 scilicet
1650 3739 1721 3792 reive
1738 3741 1847 3794 ulterius
1865 3739 1981 3797 initivne

1206 3823 1397 3896 suscipiendae,
1416 3832 1493 3892 etque
1504 3823 1533 3875 in
1546 3825 1649 3876 occulto
1661 3823 1796 3877 habendae
1813 3824 1908 3892 gretie,
1924 3826 1977 3880 iuri

1207 3907 1417 3971 accommodum
1432 3905 1577 3959 Godoired.
1597 3906 1636 3961 nii
1647 3908 1672 3960 d.
1691 3909 1709 3958 l.
1730 3921 1757 3960 s.
1776 3905 1799 3978 fi
1809 3905 1868 3978 fin.
1887 3909 1926 3962 lit.
1952 3913 1980 3962 il.

1209 3993 1318 4046 Adrion.
1331 3989 1446 4043 Turneh
1459 3989 1519 4042 tttr.
1543 3999 1565 4040 t.
1578 3989 1731 4045 Atreum.
1751 4010 1775 4044 c.
1789 4001 1831 4040 ts.
1846 4002 1872 4042 et
1886 3991 1932 4043 tit.
1951 4005 1975 4046 t.

1208 4097 1267 4147 cup.
1286 4087 1311 4128 t.
1332 4075 1413 4128 Sinus
1427 4072 1505 4126 euim
1516 4082 1589 4143 togae
1602 4083 1706 4144 portem
1719 4091 1820 4144 quoque
1833 4071 1978 4142 significat,

1209 4185 1259 4237 quo
1273 4181 1353 4218 sensu
1364 4160 1432 4234 opud
1445 4160 1554 4213 Sueten.
1570 4159 1599 4212 in
1625 4159 1679 4213 Vit.
1701 4161 1760 4214 Jnl.
1774 4163 1854 4216 Caes.
1867 4177 1925 4230 cep-
1937 4171 1980 4212 st.

1210 4253 1273 4306 haec
1285 4266 1337 4304 vox
1348 4248 1499 4320 reperitur,
1511 4245 1558 4300 nbi
1572 4261 1631 4299 cum
1644 4245 1733 4301 Julius
1745 4245 1841 4302 Cseser
1853 4247 1936 4302 tribus
1955 4256 1983 4298 et

1211 4336 1307 4405 viginti
1316 4334 1399 4407 plagis
1407 4329 1729 4396 consedes-eternitatem
1737 4341 1796 4402 togis
1807 4342 1885 4406 caput
1894 4331 1986 4384 obici«

1212 4423 1297 4484 visse,
1314 4417 1446 4487 simulque
1460 4415 1570 4470 sinistre
1588 4435 1669 4470 manu
1684 4415 1776 4471 sinum
1795 4417 1830 4470 ed
1846 4417 1899 4469 ime
1910 4434 1984 4470 cruris

1213 4503 1354 4562 deduxisse
1372 4511 1498 4567 ennomt,
1522 4521 1574 4572 quo
1592 4501 1732 4558 honestius
1755 4503 1879 4567 cederet,
1901 4504 1983 4556 etiem

1213 4589 1344 4644 inferiore
1356 4587 1475 4656 eorporis
1486 4595 1560 4656 perte
1572 4587 1665 4650 velate,
1679 4603 1757 4656 quem
1771 4587 1912 4652 lectionem
1926 4588 1985 4656 pln-

1213 4673 1288 4728 ribus
1300 4669 1481 4743 persequitur,
1496 4679 1523 4720 et
1535 4685 1568 4721 ex
1579 4685 1653 4722 more
1664 4689 1715 4724 suo
1724 4681 1847 4723 accurate
1859 4669 1924 4721 setis
1937 4669 1983 4722 de·

1214 4757 1288 4810 ducit
1302 4757 1396 4808 Petrus
1409 4751 1502 4806 Faber.
1523 4752 1683 4822 Seu-jocium
1704 4754 1758 4810 JC·
1778 4755 1796 4804 l.
1819 4767 1840 4807 t.
1856 4758 1982 4810 demestr.

1213 4861 1235 4895 c.
1257 4851 1301 4892 tt.
1321 4855 1387 4891 vers.
1403 4835 1454 4889 sed
1470 4836 1509 4888 ad
1526 4837 1608 4890 elios.

1250 4925 1301 4978 Sed
1313 4922 1374 4992 quio
1388 4919 1544 4974 Seecelsiiis
1558 4938 1611 4974 non
1624 4937 1727 4992 semper
1736 4923 1868 4992 marsupii
1877 4919 1984 4975 emanti
2054 4979 2059 4990 ¹

1214 5009 1291 5063 datur
1300 5004 1442 5068 mismbliis
1455 5003 1592 5060 fraudibus
1600 5007 1736 5079 pecuniam
1747 5008 1842 5060 elicere
1853 5015 1984 5074 satagunt.

1214 5091 1289 5145 Nihil
1319 5098 1408 5141 nutem
1440 5085 1606 5159 frequentius
1638 5091 1791 5157 contingere
1803 5092 1885 5153 solet,
1904 5108 1984 5159 quini

1212 5174 1283 5245 quod
1308 5173 1339 5225 nd
1352 5173 1501 5227 ohnrterum
1520 5175 1611 5228 luduin
1634 5174 1723 5239 illum,
1738 5193 1819 5245 quein
1845 5191 1984 5243 emungere

1215 5257 1322 5330 pecunia
1336 5259 1428 5310 volunt
1441 5271 1590 5329 provocent,
1606 5259 1825 5331 imperitissimos
1838 5277 1865 5312 se
1887 5259 1914 5312 iu
1936 5259 1985 5311 hoo

1213 5342 1339 5394 exercitio
1353 5341 1510 5397 simulando.
1521 5345 1553 5396 Et
1566 5343 1609 5395 hie
1621 5344 1725 5396 eliurtiis
1738 5345 1851 5398 lusorias
1863 5343 1927 5397 sileo
1940 5365 1985 5396 er·

1215 5425 1328 5481 tibeiose
1341 5429 1486 5499 permixtas
1501 5429 1613 5498 habeut,
1632 5438 1662 5481 ut
1681 5429 1770 5501 primu
1789 5431 1845 5486 vice
1868 5431 1988 5503 palmum
