4404 6274
472 597 539 650 1155

398 691 470 765 pnlls
489 695 530 746 rel
548 691 610 746 aliis
628 699 719 746 natura
738 689 790 744 loci
811 687 924 742 munitis
937 689 1067 756 augustiis
1085 686 1167 741 adbi-

399 777 497 831 bendn.
524 777 722 848 Angustissima
745 775 848 845 quippe
873 775 1020 826 necessario
1043 783 1169 845 apparatu

398 864 487 935 extrui
500 875 527 917 et
546 862 645 916 instrui
665 859 770 931 nequit:
786 871 836 912 tarn
850 857 882 912 ab
893 859 968 910 hoste
981 859 1085 910 obsessa
1099 857 1169 910 eirca

399 947 495 1002 laniem
514 948 706 1022 propugnaculi
726 946 848 1015 exiguam
866 945 906 997 rel
927 943 1024 995 unllam
1038 940 1171 995 defensio·

398 1053 460 1088 nem
479 1033 511 1086 als
531 1035 572 1087 ala
593 1032 701 1086 alterius
719 1029 909 1103 propugnaculi
928 1027 1008 1100 capit.
1021 1027 1044 1080 T
1046 1037 1171 1096 etrngona

398 1125 524 1188 praestat
548 1117 686 1186 Trigona3
712 1131 765 1168 non
790 1127 876 1168 tamen
899 1110 1025 1166 omnibus
1052 1109 1173 1164 numeris

400 1202 537 1255 absoluta·
558 1202 714 1254 bruminata
733 1201 853 1252 esistunt
876 1195 1082 1267 propugnacula;
1101 1193 1174 1248 risus

399 1285 585 1340 determinatio
605 1302 638 1338 ea
657 1284 753 1337 iisdem
773 1299 827 1336 nou
844 1290 887 1333 est
904 1279 1036 1348 legitima,
1050 1295 1099 1334 nec
1113 1293 1171 1330 exa·

399 1381 443 1425 ete
462 1369 518 1424 sibi
538 1369 656 1422 invicem
677 1366 836 1439 respondem
856 1373 913 1418 tum
930 1360 1010 1416 laciei
1028 1376 1174 1432 propugna-

399 1456 451 1508 culi
471 1453 624 1526 oppugnati
646 1469 678 1506 ex
697 1454 737 1504 ala
757 1451 841 1504 solnm
859 1448 1003 1516 adiacentis
1022 1461 1171 1518 propugna-

404 1539 457 1592 culi
476 1540 651 1592 succurritur.
672 1539 822 1605 Pentagona
842 1532 966 1603 angulum
983 1529 1172 1602 propugnaculi

397 1621 478 1676 babet
490 1623 626 1690 majorem,
642 1623 728 1687 jactus
743 1628 942 1672 tormentorum
960 1617 1098 1685 angulares
1110 1632 1172 1686 per·

398 1704 535 1770 sectiones,
551 1717 629 1776 atque
649 1705 731 1758 laeies
751 1702 850 1758 melius
862 1701 915 1754 sibi
928 1701 1043 1756 inrircm
1061 1716 1172 1770 respon·

330 1803 361 1846 tn
400 1792 500 1846 dentes.
526 1793 661 1862 Sexagona
683 1790 745 1860 quia
766 1781 851 1856 magis
869 1789 904 1840 ad
922 1789 1047 1854 angulum
1071 1798 1171 1841 rectum

399 1877 503 1942 tendtt;
522 1895 603 1946 noque
623 1876 711 1930 luctam
729 1875 892 1944 capaciorem
913 1871 1171 1942 reddlt;peutagona

330 1972 358 2016 tt
397 1960 542 2036 perfectior
567 1960 728 2018 aestimatur.
748 1960 901 2029 Heptagona
925 1954 1115 2026 propugnacula
1139 1953 1170 2004 in

395 2048 546 2116 rentangnlc
564 2043 728 2109 constitutit,
740 2040 900 2098 collocsndis
915 2039 985 2094 Catia
998 2037 1168 2110 potissimum

398 2130 529 2194 inseruit,
548 2141 629 2199 atque
647 2127 720 2182 risus
738 2123 992 2180 determinationem
1010 2122 1170 2178 convenien-

398 2215 493 2266 tiorem
517 2212 615 2266 reddit.
647 2211 720 2264 ldem
754 2210 783 2260 in
816 2207 928 2277 reliquis
954 2206 1168 2272 obsecraudumy

398 2298 562 2367 Octagonum
577 2304 666 2350 tamen
684 2295 715 2348 in
733 2309 829 2363 magno
842 2290 957 2360 regulari
970 2290 1097 2346 excedere
1115 2307 1169 2344 non

396 2381 554 2435 admittunt.
571 2382 692 2450 Quorum
709 2378 831 2432 omnium
853 2377 916 2430 baec
932 2377 1003 2432 ratio
1023 2374 1098 2430 reddi
1123 2393 1169 2446 po-

403 2475 472 2532 test,
483 2465 556 2536 quod
573 2481 634 2518 cum
653 2479 764 2518 numero
781 2464 892 2518 laterum
903 2470 929 2516 et
941 2463 1097 2530 angulorum
1110 2479 1169 2516 ere·

401 2563 455 2607 scat
473 2552 554 2604 etiam
571 2547 722 2620 amplitudo
742 2549 909 2618 angulorum,
929 2547 1070 2617 longitudo
1087 2546 1171 2602 linea·

399 2653 474 2700 gum,
494 2647 519 2690 et
534 2636 663 2706 capacitas
680 2633 957 2706 propugnaculorum,
975 2649 1042 2701 quac
1060 2630 1168 2698 omnia,

396 2737 450 2792 quo
470 2721 569 2789 majora
583 2717 665 2784 liunt;
686 2737 717 2772 ec
734 2730 759 2773 et
777 2717 883 2772 bostem
896 2715 1037 2770 offendunt
1050 2716 1167 2786 granius,

403 2817 430 2862 et
450 2809 509 2875 eins
527 2804 665 2860 conatibus
684 2803 810 2858 resisnaut
827 2800 933 2855 lucilius
952 2811 980 2854 et
996 2800 1162 2856 diuturnius.

332 2901 360 2946 tt
441 2892 471 2943 lu
492 2887 669 2946 delineatione
688 2885 826 2942 formanda
842 2885 1048 2939 fundamentum
1062 2885 1169 2956 aliquod

397 2969 673 3042 praesupponendum,
692 2983 727 3020 ex
744 2985 797 3038 quo
816 2971 904 3023 rarius
917 2969 947 3020 in
958 2967 1086 3022 omuibus
1104 2965 1171 3039 lign-

380 3103 383 3106 .
399 3057 440 3108 ris
459 3054 644 3126 proportiones
660 3060 814 3122 exsurgunt.
835 3052 957 3124 idipsum
977 3061 1031 3116 est,
1050 3062 1080 3104 ut
1098 3053 1168 3106 linea

401 3140 522 3210 capitalis
541 3152 584 3194 tt·
603 3133 683 3192 tlon
697 3139 758 3192 colli
778 3155 824 3191 seu
842 3137 958 3192 lancium
982 3148 1023 3194 ta.
1043 3137 1091 3190 tta
1111 3154 1171 3210 pro·

398 3227 540 3299 pugnaculi
561 3237 602 3280 tu.
618 3235 727 3296 exceptu
745 3225 907 3293 Tetragonu,
930 3222 1001 3292 quod
1022 3234 1048 3274 ο.
1068 3231 1169 3277 tanturn

397 3309 530 3377 admittit,
548 3321 576 3365 et
593 3314 752 3383 polygonum
771 3309 908 3364 internum
924 3322 967 3364 οο.
981 3305 1096 3380 perticas
1106 3325 1171 3362 con-

398 3398 509 3450 nocam.
529 3395 634 3465 Quibus
652 3395 864 3466 praesuppositis
883 3394 1017 3447 dimensio
1036 3391 1170 3448 linearum

399 3482 522 3535 omnium
540 3491 568 3536 et
585 3482 744 3548 angulorum
764 3497 815 3550 ope
833 3479 979 3534 tabularum
992 3477 1099 3532 sinuum
1113 3495 1171 3530 sese

332 3577 362 3620 tt
404 3564 506 3636 prodit.
524 3565 636 3618 Modum
648 3563 779 3636 operandi
791 3561 936 3634 adjuaagerc
949 3579 1001 3616 non
1017 3563 1088 3629 licet,
1101 3561 1172 3632 quod

403 3651 451 3705 ille
468 3652 568 3720 absque
586 3650 672 3704 torm
689 3648 899 3720 ichnographica
910 3647 1048 3700 commode
1063 3647 1131 3699 tradi
1146 3656 1173 3700 et

402 3738 515 3807 intelligi
534 3747 655 3807 nequeat,
676 3745 768 3807 utpote
786 3752 846 3787 enm
864 3734 978 3786 ocularis
1003 3732 1172 3785 demonstra·

402 3823 440 3878 tiu
460 3840 493 3877 ea
512 3824 557 3877 illa
575 3819 695 3894 pueuda,
713 3819 823 3874 institui
842 3836 903 3874 aero
923 3818 992 3870 ratio
1010 3818 1041 3870 id
1062 3835 1114 3871 nou
1135 3818 1174 3871 ie·

401 3917 460 3974 rat3
481 3908 545 3960 binc
570 3907 605 3959 iis
628 3915 727 3958 tautum
747 3901 962 3966 immorandum,
986 3919 1052 3972 qnae
1076 3901 1175 3974 absque

406 3993 450 4046 bis
468 3995 556 4064 aliquo
576 3991 654 4044 modo
673 3990 775 4062 percipi
795 3983 916 4061 possunt.
930 3989 1041 4042 Praebet
1051 3990 1173 4044 eumdem

401 4094 548 4146 anonymus
560 4076 669 4148 qnidam
687 4091 747 4130 vora
771 4073 976 4147 Unterwer'sung
992 4076 1041 4130 der
1060 4077 1173 4145 llegular

403 4163 461 4216 asad
484 4163 613 4234 irregular
635 4157 811 4217 lurtiflmtion
829 4181 863 4215 zu
883 4160 1029 4230 Ornobrug
1043 4163 1174 4230 gedruckt

335 4315 338 4320 ,
406 4253 496 4305 Anno
520 4261 596 4302 teet.
614 4266 637 4302 c.
658 4257 682 4301 t.
703 4249 826 4305 Proatsnt
840 4259 866 4302 et
883 4247 986 4302 tabulae
1003 4245 1065 4300 bnie
1078 4247 1117 4302 rei
1132 4248 1173 4300 in-

404 4337 560 4400 seruientes,
578 4351 644 4406 quae
661 4333 731 4403 apud
749 4342 869 4386 aucmres
887 4331 987 4404 passim
1006 4329 1092 4388 sideri
1111 4351 1172 4404 poa·

403 4430 474 4475 suut.
494 4420 635 4475 Collocatis
651 4425 723 4487 justa
740 4417 912 4489 proportione
931 4416 1023 4482 lineis,
1041 4421 1173 4488 aquibus

403 4505 523 4559 exterius
534 4507 602 4558 latus
616 4521 664 4560 seu
676 4501 748 4554 basis
766 4501 874 4574 incipit,
888 4509 1020 4554 structura
1033 4503 1107 4570 ralli,
1121 4503 1174 4559 loa.

405 4604 457 4652 sac,
475 4590 640 4660 aliarumque
659 4587 822 4642 munimenti
846 4587 963 4657 partium
988 4583 1172 4658 perficienda,

404 4689 517 4741 quarum
535 4673 675 4744 proportio
693 4673 795 4742 passim
813 4673 939 4728 occurrit.
956 4674 1066 4726 Vallum
1089 4675 1173 4730 nimis

404 4760 488 4812 altum
506 4775 561 4812 nou
578 4757 623 4822 sit,
642 4760 745 4812 bostem
758 4757 833 4811 enim
846 4756 909 4827 tegit
921 4757 1034 4830 propius
1044 4757 1172 4814 accedeu-

405 4859 550 4910 tem„cnm
568 4846 653 4912 jactus
680 4844 854 4898 borimntales
877 4841 976 4914 optimi
1000 4855 1171 4914 censeantur,

403 4944 428 4988 et
446 4932 469 4984 si
488 4929 611 4986 fortassis
621 4925 744 4980 aedilicia
757 4927 833 4982 urbis
844 4925 986 4981 altitudine
998 4929 1098 4981 muniri
1113 4933 1171 4996 esi·

403 5021 507 5083 stirnes,
525 5036 539 5069 a
558 5017 628 5085 iactu
647 5022 735 5066 tamen
753 5011 940 5066 mortariorum
958 5013 1050 5066 cadem
1070 5015 1170 5072 immu-

403 5103 448 5157 nia
468 5119 522 5156 non
541 5096 702 5173 praestabits
721 5095 745 5148 si
763 5095 836 5152 ualde
852 5097 964 5163 humile,
982 5116 1035 5152 non
1055 5102 1172 5171 protegit

403 5185 564 5250 defensores,
583 5179 743 5256 praesertim
759 5179 784 5234 si
803 5180 860 5236 loeo
877 5181 1003 5236 nonnihil
1014 5181 1114 5239 elevato
1125 5185 1171 5238 lto·

403 5273 452 5326 stis
469 5271 607 5328 consistat.

338 5369 368 5412 ts
448 5355 644 5429 l’ropngnaculi'
655 5355 768 5426 angulus
785 5369 839 5408 nou
858 5351 929 5408 inira
950 5365 992 5408 tn.
1010 5354 1108 5425 gradus
1121 5373 1172 5411 nce

943 593 1133 650 ntsnn‘ttr.
1152 595 1250 649 xxtv.
1269 595 1387 652 CAPUT
1407 597 1441 652 ll.

1846 603 1915 655 unu

1220 689 1342 760 attingat,
1362 709 1518 761 quamquam
1537 707 1726 761 nunnunquam
1751 691 1921 766 cbinsangula
1939 697 1993 754 irrr-

1222 776 1288 828 rnari
1301 777 1434 848 expediat.
1449 775 1578 846 Equidem
1590 777 1777 846 acntangnlnm
1792 779 1904 849 palmam
1918 778 1990 834 obti·
2028 795 2062 838 tt

1220 878 1286 914 nere
1303 862 1440 914 nonnullis
1457 861 1552 926 risum,
1572 879 1602 915 eo
1619 859 1690 932 quod
1708 860 1788 914 iacies
1800 867 1992 934 propugnaculi

1222 963 1237 996 e
1255 955 1353 1016 puncto
1371 945 1486 1002 cortinae
1505 944 1640 1016 products,
1658 963 1672 998 a
1691 954 1769 1016 parte
1786 947 1892 1004 residua
1908 952 1991 1007 corti.

1223 1047 1272 1082 nae
1289 1030 1429 1100 conspicua
1446 1029 1552 1084 delendi
1572 1040 1657 1099 quest.
1671 1032 1773 1085 Verum
1785 1033 1919 1088 enimrern
1932 1056 1991 1092 ma·
2032 1053 2062 1095 ts

1222 1129 1272 1181 gna
1298 1129 1360 1182 pars
1386 1111 1464 1166 faciei
1488 1113 1679 1184 propugnaculi
1697 1116 1760 1169 latet
1783 1116 1818 1170 ob
1839 1122 1991 1176 crassitiem

1223 1196 1319 1250 loricae
1336 1197 1464 1265 cortinae,
1478 1199 1542 1252 dnm
1555 1200 1627 1251 enim
1641 1197 1814 1254 latitudinem
1827 1204 1992 1263 acclivitatis

1223 1281 1322 1335 loricae
1340 1283 1456 1338 cortinae
1475 1283 1608 1354 producis,
1625 1303 1704 1338 omne
1715 1284 1793 1350 illud,
1811 1287 1883 1358 quod
1900 1308 1933 1344 ax
1951 1293 1995 1348 ,ιι

1224 1375 1252 1420 st
1271 1366 1339 1421 laeie
1363 1368 1550 1441 propugnaculi
1569 1367 1619 1424 snb
1636 1370 1687 1426 ista
1705 1372 1846 1428 latiurdine
1871 1395 1995 1450 compre·

1225 1452 1363 1518 benditur,
1377 1463 1475 1509 tectum
1491 1455 1642 1510 remanebit
1659 1457 1711 1525 illi,
1729 1460 1775 1529 qni
1795 1477 1827 1515 eo
1846 1479 1895 1534 per
1912 1466 1994 1520 accli-

1226 1539 1329 1595 sitatena
1347 1541 1445 1596 lrsricse
1461 1541 1590 1606 collimat,
1604 1542 1668 1596 dura
1679 1559 1695 1596 e
1707 1553 1796 1597 contra
1811 1546 1834 1600 si
1850 1565 1884 1602 en
1895 1554 1995 1621 angulo

1223 1626 1279 1678 alae
1298 1627 1339 1680 rel
1359 1625 1416 1698 ipsa
1433 1628 1474 1680 ala
1492 1626 1563 1680 hunc
1575 1628 1661 1681 locam
1675 1637 1759 1696 petas,
1772 1647 1827 1684 ncn
1840 1635 1928 1688 mlum
1940 1648 1994 1694 tota

1223 1713 1413 1780 propugnaculi
1435 1709 1687 1772 tenimentorum
1706 1729 1768 1783 pars
1786 1717 1916 1784 quaedum
1936 1721 1994 1777 tog.

1223 1809 1266 1844 sae
1285 1792 1333 1846 snb
1352 1803 1521 1866 conspectum
1536 1792 1622 1848 cedet.
1637 1793 1709 1865 Quid
1721 1797 1792 1865 quod
1810 1800 1941 1858 scissurae
1952 1807 1993 1861 lo.

1220 1878 1291 1932 ricae
1307 1881 1441 1944 cortinae,
1460 1888 1551 1950 utpote
1574 1877 1681 1950 oblique
1704 1882 1823 1952 positae,
1849 1892 2000 1948 commode·

1220 1962 1339 2035 adaptari
1357 1975 1496 2035 nequeant,
1515 1963 1626 2033 angulus
1637 1981 1699 2018 sero
1710 1973 1901 2038 propugnaculi
1919 1971 1993 2045 jusu

1222 2049 1394 2119 proportione
1411 2049 1572 2104 constitutus
1586 2049 1654 2102 illud
1667 2051 1753 2120 majtas
1770 2055 1933 2113 mttoeandta
1944 2079 1992 2116 ca.

1219 2133 1253 2188 tis
1270 2134 1385 2205 aliisque
1402 2143 1493 2206 aptum
1513 2133 1614 2190 reddat.

1255 2219 1433 2275 Exstrunntnr
1450 2221 1649 2292 propugnacula
1665 2221 1835 2282 Battum&
1851 2229 1893 2282 rel
1911 2247 1972 2286 cara
1980 2270 1991 2300 ‚

1219 2305 1260 2362 rel
1285 2306 1399 2378 repleta,
1418 2325 1480 2362 cava
1498 2305 1533 2360 ob
1551 2307 1670 2361 minores
1695 2320 1819 2381 sumptus
1835 2324 1864 2367 et
1882 2313 1994 2372 bettio.

1220 2407 1277 2442 rem
1297 2389 1404 2444 modum
1424 2390 1457 2444 ad
1477 2391 1650 2462 inquirendos
1668 2401 1697 2448 et
1714 2395 1853 2451 elidendos
1874 2401 1994 2456 cunien-

1220 2477 1268 2529 loa·
1288 2475 1392 2545 Quibus
1409 2489 1495 2532 nmen
1509 2479 1608 2549 repleta
1624 2478 1798 2550 praeferenda
1814 2485 1923 2540 suadent
1940 2489 1993 2544 ab·

1220 2561 1362 2614 scissiones
1381 2560 1530 2629 struendae,
1549 2581 1621 2634 quae·
1631 2563 1750 2619 obsessis
1770 2577 1853 2623 tntum
1870 2585 1990 2646 reeqsta-

1222 2645 1311 2698 culum
1326 2645 1465 2716 praebent,
1485 2649 1514 2700 in
1532 2646 1603 2719 qnod
1618 2650 1685 2704 sallo
1695 2652 1750 2721 jam
1765 2667 1884 2726 superam
1900 2675 1930 2712 so
1947 2677 1996 2714 η.

1221 2729 1312 2800 cipere
1335 2743 1418 2803 atque
1444 2733 1562 2788 bostium
1587 2734 1643 2791 rim
1668 2737 1839 2805 ingruentem
1863 2745 1994 2814 repellere

1221 2823 1330 2883 queant,
1345 2832 1405 2868 cnm
1425 2815 1487 2870 illae
1506 2816 1579 2887 ipsae
1598 2818 1629 2871 in
1646 2821 1768 2878 cunensis
1779 2825 1867 2879 locum
1880 2844 1935 2883 uon
1948 2829 1994 2884 in.

1221 2898 1338 2966 veniant,
1356 2899 1426 2971 quod
1445 2900 1659 2959 altitudinem
1677 2917 1827 2977 exaequent
1845 2912 1960 2979 sallum,
1978 2935 1997 2971 a

1220 3001 1273 3053 quo
1291 2983 1324 3036 ab
1343 2984 1419 3038 hoste
1436 2995 1637 3057 oppugnantur,
1653 2988 1723 3060 quod
1742 2990 1832 3061 ipsum
1844 2995 1996 3070 principiis

1221 3066 1388 3121 detensionis
1402 3069 1654 3143 contrariarumque
1665 3075 1793 3145 proprior
1804 3077 1880 3132 enim
1890 3091 1995 3152 centro,

1220 3169 1252 3206 eo
1278 3151 1357 3206 latior
1375 3151 1458 3208 debet
1483 3171 1542 3210 esse
1570 3165 1712 3213 stmctura.
1731 3160 1868 3218 calculum
1892 3187 1999 3242 quoqu

1222 3236 1318 3288 iisdem
1339 3237 1441 3293 addunt
1459 3239 1524 3304 cati,
1542 3241 1639 3312 quibua
1658 3245 1776 3300 maxime
1788 3246 1995 3312 inuniunt-Si

1222 3339 1282 3376 sero
1301 3322 1438 3377 criniculus
1456 3324 1577 3378 bostium
1594 3335 1623 3380 et
1640 3326 1670 3380 in
1687 3329 1733 3383 lais
1752 3335 1893 3406 explorare
1911 3341 1995 3408 selis,

1222 3417 1339 3476 praestat
1358 3410 1426 3463 sallo
1444 3409 1495 3463 snb
1513 3407 1580 3464 iacis
1598 3416 1789 3484 propugnaculi
1802 3419 1939 3478 mutuatos
1951 3445 1997 3480 ea-

1223 3509 1269 3543 sos
1286 3490 1451 3566 (Hollgcng)
1469 3493 1586 3560 inferrec
1606 3512 1717 3567 quornm
1729 3519 1784 3572 ope
1796 3502 1875 3560 iacile
1885 3509 1996 3567 madum

1224 3575 1349 3646 indagare
1368 3581 1483 3648 poteris.
1504 3581 1599 3646 Catus,
1618 3585 1723 3638 Kntsrn
1743 3585 1910 3660 Chesallier,
1929 3614 1997 3667 quoa

1225 3661 1253 3712 iu
1273 3665 1479 3734 propugnaculis
1497 3665 1667 3738 potissimum
1685 3670 1753 3740 erigi
1771 3685 1887 3732 conant:
1905 3681 1997 3735 maai·

1226 3763 1297 3797 airam
1322 3745 1468 3803 utilitatem
1493 3767 1559 3822 prae
1582 3769 1610 3805 se
1635 3751 1705 3808 lerre
1723 3753 1862 3812 indubiam
1882 3773 1936 3818 est.
1954 3767 1996 3822 Ea

1226 3831 1305 3884 bisce
1321 3832 1397 3886 enim
1415 3849 1509 3890 omues
1527 3835 1614 3890 bostis
1626 3836 1743 3894 insultus
1754 3855 1912 3914 campenses
1930 3869 1998 3921 qu.

1223 3929 1364 3983 quaaersm
1382 3917 1532 3987 pnrpellere
1550 3928 1579 3973 et
1595 3920 1849 3995 supprimendum,
1862 3925 1997 4003 detegunt

1226 4013 1241 4050 e
1259 3998 1392 4066 superiori
1409 4001 1467 4058 boo
1486 4003 1615 4058 rallornm
1639 4004 1727 4062 bostis
1749 4008 1916 4082 sepimentag
1937 4026 1996 4073 tum

1223 4079 1341 4147 obstant,
1361 4099 1396 4140 ns
1413 4103 1522 4156 sames
1538 4086 1606 4142 ullos
1624 4088 1714 4160 erigat,
1737 4101 1785 4146 aut
1800 4111 1922 4153 ammaus
1940 4101 1994 4156 du·

1225 4174 1280 4229 cat,
1299 4165 1356 4220 nisi
1374 4185 1480 4225 summo
1498 4189 1558 4226 cnm
1576 4171 1667 4227 labore
1690 4185 1770 4245 atque
1793 4179 1914 4237 maximo
1936 4195 1996 4241 tm

1225 4247 1368 4318 temporis,
1388 4259 1447 4305 tum
1469 4253 1586 4308 militum
1609 4255 1765 4327 dispendio.
1784 4259 1895 4324 Accedit
1918 4273 1994 4340 qnod
2029 4283 2059 4328 aa

1224 4329 1328 4386 bostem
1346 4336 1443 4392 sallum
1456 4340 1511 4407 jam
1524 4341 1757 4398 transceadentem
1776 4347 1895 4421 adigant,
1907 4365 1941 4410 ut
1951 4359 1997 4413 sel

1224 4427 1323 4473 amnata
1342 4437 1421 4476 mann
1440 4421 1526 4478 denno
1544 4425 1663 4497 ingruat,
1685 4429 1727 4484 ret
1742 4449 1848 4490 nnuma
1865 4453 1928 4493 caan
1948 4443 2001 4499 da-

1226 4501 1319 4558 decore
1338 4505 1488 4564 retrocedat.
1504 4507 1559 4564 Nec
1575 4507 1673 4577 cilicii,
1684 4513 1754 4584 qnod
1770 4516 1845 4572 locus
1863 4523 1996 4582 collam.

1224 4587 1266 4640 dis
1288 4592 1430 4644 tormentis
1448 4601 1477 4646 et
1495 4593 1630 4649 militibus
1648 4613 1702 4650 non
1720 4596 1847 4658 sulficere
1859 4605 1996 4678 rideatur,

1225 4673 1250 4726 ai
1269 4671 1344 4727 enirn
1363 4676 1476 4747 spatium
1495 4676 1528 4732 al)
1545 4688 1658 4750 atraque
1673 4693 1752 4753 parte
1770 4693 1813 4740 tn.
1830 4690 1873 4742 sel
1887 4702 1932 4746 sn.
1944 4712 1996 4766 pa.

1224 4755 1287 4811 durn
1300 4756 1503 4822 determinetur,
1516 4762 1582 4815 satis
1596 4779 1677 4836 capas
1691 4767 1754 4832 erit,
1773 4779 1801 4824 et
1818 4787 1852 4824 ne
1871 4781 1996 4832 torm.

1225 4843 1260 4897 tis
1278 4845 1409 4898 marnatis
1426 4845 1457 4898 iu
1473 4843 1599 4900 inferiori
1617 4849 1673 4914 ala,
1693 4849 1782 4908 tumus
1805 4858 1996 4927 superioribas

1225 4927 1446 4999 impedimentum
1466 4939 1547 4995 creat,
1565 4931 1680 4990 altitudo
1697 4936 1749 4990 cati
1770 4949 1812 4992 to.
1830 4941 1935 5012 pedum
1948 4945 1996 4998 de·

1221 5009 1350 5067 finienda·
1362 5012 1422 5068 Nou
1436 5013 1513 5068 lacile
1529 5027 1617 5071 umen
1629 5019 1721 5074 eadem
1732 5023 1858 5079 adbiberi
1870 5027 1903 5082 iu
1914 5046 1995 5086 non·

1222 5103 1294 5157 tibus
1312 5101 1494 5171 adjacentibus
1511 5105 1678 5176 experientia
1697 5119 1806 5166 constat.

1257 5191 1349 5242 lactus
1365 5189 1504 5259 globorum
1521 5207 1536 5242 c
1552 5193 1693 5247 tormentis
1705 5194 1858 5266 dirignutan
1877 5200 1907 5254 in
1928 5221 1993 5275 pro·
2030 5215 2059 5260 ts

1221 5275 1369 5346 pugnaculo
1383 5275 1424 5328 rel
1441 5291 1490 5346 per
1506 5277 1617 5330 loricam
1641 5275 1728 5346 (uber
1749 5283 1864 5356 aocet)
1883 5287 1925 5340 rel
1943 5306 1994 5360 pes

1220 5361 1366 5415 scissuram
1379 5358 1476 5428 (durch
1492 5361 1539 5418 die
1555 5363 1710 5435 dinumera).
1725 5365 1803 5421 Prior
1814 5370 1911 5422 modus
1931 5381 1991 5428 turn

371 5467 377 5476 ·
403 5438 471 5494 ultra
489 5453 532 5494 ao.
550 5441 645 5512 gradus
664 5435 865 5496 constituendus
889 5439 1012 5492 omnotti
1031 5439 1097 5493 duas
1116 5451 1168 5496 ter»
1218 5445 1333 5508 obtinet,
1357 5461 1418 5498 cum
1444 5445 1530 5504 bostis
1548 5455 1576 5500 et
1594 5457 1677 5501 castra
1696 5461 1849 5506 mensuret
1864 5469 1992 5510 amessns

406 5527 456 5580 tias
474 5527 563 5598 ntguli
581 5527 704 5598 polygoni
722 5525 876 5588 desumunt,
896 5541 977 5595 aeque
995 5523 1060 5580 dum
1073 5538 1116 5582 sn.
1128 5547 1168 5602 gr.

1207 5530 1312 5601 ducit,
1331 5547 1364 5585 eo
1379 5530 1451 5605 quod
1475 5547 1582 5604 aggeres
1606 5549 1661 5588 non
1679 5549 1695 5588 e
1713 5534 1821 5606 regione
1839 5536 1989 5606 sobam,
