4490 6352
416 539 466 613 n,
970 529 1287 590 rnnrsrro
1474 525 1481 534 ·
1791 535 1845 594 ιιι

341 633 478 702 uberior
500 641 549 700 est
572 643 729 722 quaestus
757 647 966 719 pauperum,
991 625 1196 694 efflorescunt
1224 626 1530 697 honestissimarum
1560 629 1809 723 disciplinarum
1842 639 1922 702 stu·'

341 725 416 805 dia,
433 723 495 790 ubi
518 737 699 789 mercatura
724 717 835 810 riget,
857 741 895 784 ac
919 716 1040 799 servet,
1064 741 1140 784 cum
1163 719 1400 810 unusquisque
1423 743 1492 787 non
1515 721 1581 790 tile
1604 723 1727 792 laboris
1755 726 1807 792 sui
1837 751 1911 816 pre·

340 815 429 882 tium
448 813 601 904 accipiat.
626 808 762 876 Etenim
787 807 873 875 nihil
895 830 912 872 a
937 829 1108 913 quoquam
1130 810 1319 899 expetitur,
1343 810 1407 876 nisi
1430 815 1527 902 cujus
1550 811 1678 880 fructus
1699 827 1777 882 ante
1802 817 1913 904 prori-

341 905 440 974 derit.
456 902 523 970 ttec
545 901 680 968 scientia
728 899 850 966 ratuito
872 898 1044 988 contingit.
1068 896 1284 966 Omittuntur
1306 923 1403 966 curae
1428 899 1630 986 familiares,
1656 923 1694 972 ut
1716 929 1755 972 eo
1780 906 1914 995 impen-

343 996 413 1064 sius
427 994 507 1086 quis
521 993 558 1059 in
581 923 820 1081 rempublicam
844 989 1027 1054 incumbat.
1052 987 1200 1057 Sublatis
1224 991 1328 1082 igitur
1351 989 1538 1058 studiorum
1563 997 1695 1082 pretiis,
1719 998 1819 1062 etiam
1842 1009 1916 1062 stu-

344 1085 401 1152 dia
424 1083 573 1176 peritura
597 1093 697 1163 sunt,
713 1096 751 1146 ut
766 1080 879 1146 minus
901 1075 1015 1144 decora
1030 1125 1040 1154 ,
1057 1095 1136 1144 sunt
1154 1080 1250 1148 rerba
1269 1079 1376 1146 Suilli
1390 1097 1424 1147 et
1441 1083 1642 1154 Cossutiani
1654 1085 1744 1176 apud
1760 1085 1914 1154 Tacitum

347 1174 428 1243 lttr.
449 1199 502 1240 ιι.
519 1173 639 1241 annal.
654 1197 684 1238 c.
703 1193 732 1235 a.
747 1169 851 1236 Porro
872 1193 951 1234 cum
973 1168 1018 1233 ob
1035 1167 1250 1236 benemerita
1274 1177 1505 1240 tantummodo
1529 1173 1668 1244 honores
1692 1176 1725 1240 in
1749 1175 1916 1266 Republi-

346 1290 383 1332 ca
406 1264 652 1344 decernantur,
676 1273 793 1352 suapte
816 1277 931 1348 sponte
956 1256 1108 1347 profluit,
1133 1259 1370 1328 mercatoribus
1394 1265 1558 1354 praemia,
1582 1279 1614 1332 et
1639 1266 1779 1334 bonores
1804 1278 1917 1370 patere

348 1355 496 1424 lohann.
520 1349 714 1446 llarquard.
738 1349 874 1442 dejure
891 1351 1039 1416 Mereut.
1055 1347 1112 1414 lib.
1132 1349 1165 1416 3.
1183 1374 1211 1418 c.
1231 1351 1262 1416 6.
1280 1375 1312 1418 ιι.
1332 1353 1385 1442 75.
1403 1349 1483 1420 Nam
1520 1356 1582 1420 etsi
1615 1379 1682 1422 non
1713 1356 1834 1436 animi,
1866 1367 1918 1420 ta·

349 1468 429 1516 mett
455 1444 606 1511 fortunae
629 1442 764 1509 dotibus
787 1441 1025 1532 rempublicam
1052 1438 1210 1531 adjurare
1234 1457 1394 1532 possunt,
1419 1446 1723 1537 maximctempnre
1738 1444 1918 1528 belli,ubi

351 1537 512 1606 exhausto
527 1534 653 1600 aerario
670 1530 806 1623 pecunia
832 1531 868 1597 in
892 1551 1066 1597 commune
1089 1531 1286 1598 conserenda
1310 1551 1381 1616 est,
1404 1535 1527 1602 tributa
1545 1536 1655 1602 studio
1671 1535 1852 1604 concivium
1870 1532 1919 1600 sa-

351 1624 535 1694 cultatibus
556 1623 721 1715 lapsorum
745 1619 917 1702 inferunt,
940 1620 1013 1686 sine
1034 1621 1163 1710 quibus
1186 1621 1311 1688 bellum
1336 1625 1405 1716 geri
1430 1627 1558 1717 nequit.
1578 1626 1635 1694 Sic
1664 1625 1833 1694 Petilium
1854 1623 1920 1692 Ce-

352 1715 475 1786 rialem
511 1711 682 1784 Treveros
711 1736 754 1780 ac
786 1709 965 1804 Lingonus
997 1710 1085 1778 inter
1116 1730 1239 1780 caetera
1266 1713 1308 1778 ita
1334 1716 1556 1809 alloquentem
1580 1716 1761 1784 introducit
1785 1715 1922 1784 Tacitus
1995 1737 2000 1745 ·

353 1807 434 1875 laiss.
451 1801 508 1872 lit.
527 1803 558 1870 5.
583 1829 615 1872 c.
645 1827 696 1894 ¹7·
716 1803 835 1894 Neque
849 1805 944 1894 quies
959 1803 1126 1894 gentium,
1143 1807 1218 1870 siue
1234 1806 1358 1887 armis,
1381 1831 1491 1902 neque
1510 1831 1609 1874 arma
1630 1811 1706 1874 sine
1726 1805 1922 1899 stipendiis,

355 1922 464 1992 neque
492 1895 668 1989 stipendia
690 1896 764 1962 sine
780 1892 916 1960 tributis
932 1891 1053 1960 baberi
1067 1910 1205 1984 queunt.
1223 1893 1268 1960 Et
1291 1895 1427 1986 expedit
1450 1897 1653 1987 reipublicae
1684 1898 1834 1966 subditos
1864 1896 1923 1962 lsa-

354 1987 435 2056 bere
463 1987 535 2054 loen
564 1987 650 2053 letes
674 1985 702 2072 ξ
720 1985 789 2076 fin.
818 1987 899 2050 irrst.
923 1983 967 2052 dc
992 1982 1063 2068 lais,
1086 1989 1148 2076 qui
1167 1999 1248 2052 runt
1271 1988 1328 2052 sur·
1349 1986 1411 2054 ael
1432 1985 1537 2054 alien.
1565 1989 1637 2077 jur.
1676 1987 1805 2076 Quid?
1830 1983 1922 2080 quod

357 2077 466 2146 Leoni
488 2011 623 2180 Bepgiw
645 2088 733 2142 tanta
758 2073 896 2142 felicitas
918 2075 960 2140 ab
983 2074 1136 2140 instituta
1159 2075 1345 2142 commercii
1368 2079 1520 2144 societate
1543 2079 1722 2168 provenit,
1746 2092 1783 2144 ut
1813 2077 1923 2146 omni·

356 2167 443 2250 bus,
459 2184 493 2234 et
510 2163 648 2258 quidem
672 2165 907 2255 potentissimis
929 2162 1113 2230 Monarchis
1136 2180 1292 2232 terrorem
1318 2165 1512 2252 incusserit,
1535 2170 1591 2235 cui
1616 2168 1785 2236 nullaalia
1806 2169 1925 2236 intans

360 2261 498 2351 'angusta
531 2270 636 2322 terrae
673 2253 852 2344 capacitate
888 2255 926 2320 in
955 2268 1023 2321 tota
1051 2271 1215 2321 terrarum
1238 2256 1388 2322 maclrina
1415 2257 1599 2348 respondet.
1624 2257 1711 2326 Cum
1737 2283 1815 2326 vero
1837 2281 1924 2324 com·

359 2349 479 2416 mercia
503 2345 574 2413 sine
597 2343 808 2438 navigatione
829 2345 974 2412 exerceri
996 2341 1085 2410 haud
1110 2345 1249 2434 possint,
1272 2345 1295 2411 l.
1320 2373 1346 2412 ι.
1359 2349 1406 2440 ff.
1428 2346 1473 2414 de
1503 2353 1643 2416 exercit.
1669 2347 1810 2416 Action.
1840 2369 1931 2440 quae

361 2461 430 2504 non
455 2435 553 2502 modo
572 2434 695 2520 utilis,
720 2431 778 2500 sed
800 2451 834 2499 et
855 2457 983 2501 summe
1005 2433 1183 2500 necessaria
1206 2447 1276 2513 est,
1299 2449 1332 2504 et
1349 2435 1389 2502 ad
1407 2438 1608 2530 multiplices
1624 2463 1675 2506 res
1690 2438 1840 2526 facilius,
1863 2437 1931 2504 nri-

361 2529 505 2624 norique
528 2529 675 2618 impensa
700 2523 942 2594 transferendas
966 2523 1111 2592 maxime
1133 2524 1345 2594 conveniens.
1367 2527 1480 2618 Quare
1503 2541 1662 2596 mercator

814 2781 824 2798 .
849 2780 856 2796 .
882 2779 890 2798 .
915 2728 1004 2799 Mors
1020 2731 1130 2820 reficit
1146 2746 1238 2798 retes
1553 2731 1695 2822 (Horat.
1719 2761 1744 2800 ι.
1761 2733 1818 2801 od.
1840 2737 1890 2824 ι.)

770 2821 923 2914 Quassus
939 2822 1097 2888 indocilis
1109 2824 1313 2914 pauperiem
1327 2827 1416 2915 pati.

362 3033 443 3102 Ideo
462 3031 499 3098 in
522 3050 676 3123 praesens
697 3025 740 3094 dc
762 3026 906 3094 naribus
928 3025 1102 3095 materiam
1125 3027 1232 3095 solum
1256 3027 1430 3096 exercendi
1455 3028 1586 3120 ingenii
1606 3053 1700 3098 cansa
1718 3029 1933 3122 colligere,et

362 3146 449 3217 quae
472 3121 515 3188 de
536 3122 578 3188 iis
600 3121 638 3186 in
661 3122 736 3212 jure
763 3130 873 3184 nostro
893 3116 1016 3184 sancita
1039 3117 1213 3200 ridemus,
1242 3141 1428 3212 exponere,
1452 3135 1501 3186 est
1528 3121 1680 3189 animus:
1709 3143 1785 3189 cum
1819 3139 1933 3189 autem

362 3239 415 3282 ses
437 3210 626 3278 tenuissimi
650 3208 717 3276 mei
741 3206 869 3300 ingenii
893 3206 980 3274 vires
1002 3201 1370 3301 longius'egrediatur,
1394 3227 1429 3276 et
1452 3213 1506 3302 jus
1530 3208 1620 3276 istud
1636 3212 1712 3278 satis
1728 3209 1864 3278 difficile
1879 3211 1935 3292 sit,

363 3301 534 3394 siquidem
557 3315 677 3366 nauus
699 3309 778 3366 sunt
801 3297 951 3364 homines
974 3321 1068 3390 saepe
1093 3298 1344 3390 improbissimi,
1371 3299 1450 3367 inde
1473 3301 1735 3384 controversiae,
1757 3311 1861 3391 atque
1893 3323 1931 3366 en

362 3391 608 3473 controversiis,
633 3401 673 3455 ut
696 3388 732 3455 in
756 3387 830 3454 aliis
854 3385 955 3454 rebus
978 3389 1136 3456 omnibus
1169 3413 1233 3456 usta
1264 3391 1385 3475 venit,
1416 3390 1491 3457 lites
1522 3391 1680 3459 oriuntur
1712 3391 1935 3482 gravissimae.

362 3480 442 3550 Ideo
464 3481 606 3572 praecisa
628 3477 769 3570 longiori
793 3478 973 3544 verborum
998 3479 1135 3570 ambage
1159 3482 1362 3571 propositum
1395 3477 1529 3549 Christo
1558 3481 1677 3566 Duce,
1710 3493 1743 3547 et
1775 3481 1931 3568 auspice,

368 3593 636 3730 quoepossumus
656 3589 812 3658 superare
834 3565 1044 3637 difficultates
1064 3569 1087 3636 l.
1116 3593 1151 3636 2.
1176 3573 1214 3636 in
1233 3574 1348 3666 praff.
1372 3569 1417 3638 dc
1441 3570 1509 3665 Off.
1536 3573 1653 3662 Prcafi
1677 3573 1799 3680 Eruet.
1823 3569 1933 3664 Apbr.

365 3685 445 3756 aggr
491 3683 554 3729 ror.

997 3877 1244 3948 CAPUT
1290 3879 1322 3947 l.

898 4093 954 4164 De
993 4095 1143 4166 Nauibus
1180 4103 1219 4165 in
1261 4095 1403 4165 Genere.

556 4340 581 4394 δ’
599 4339 629 4394 Is
642 4337 679 4393 Π
691 4337 727 4392 Π
741 4335 772 4391 A
788 4337 815 4392 R
833 4337 853 4390 Ῑ
865 4336 896 4389 Α
1185 4341 1260 4396 -Tum
1278 4337 1448 4412 quondm,
1466 4355 1549 4408 quum
1563 4353 1707 4410 personas.
1724 4358 1753 4394 ιι.
1774 4349 1818 4394 tt.

407 4497 410 4502 ,
1186 4421 1388 4494 Botio,savor
1403 4430 1556 4478 mercatura
1573 4439 1602 4476 rt.
1624 4434 1664 4478 ts.

372 4506 554 4582 Rmfimen.
574 4525 602 4562 ιι.
626 4517 647 4561 t.

374 4595 456 4652 liaris
473 4593 647 4666 etymologia.
665 4611 696 4648 ιι.
716 4603 743 4644 2.
1187 4601 1211 4708 Ι
1287 4631 1290 4638 .

371 4676 554 4752 Definitionis
570 4687 672 4747 partes.
687 4695 716 4729 n.
731 4689 754 4730 t.
1213 4674 1311 4730 nitiuru
1330 4673 1410 4742 hujus
1427 4673 1550 4728 exercitii
1571 4671 1685 4728 lactarus
1698 4667 1874 4734 deitatibus,
1887 4685 1949 4738 qna·
1991 4675 2003 4716 t

371 4764 458 4820 aare
474 4761 628 4832 descriptiv-
647 4780 675 4814 n·
695 4769 719 4812 ⁴·
1187 4779 1247 4815 rum
1266 4777 1329 4815 saue
1347 4758 1458 4813 materia
1475 4755 1588 4822 dilium,
1606 4767 1634 4811 et
1656 4757 1801 4812 admodum
1821 4753 1895 4808 utilis
1919 4769 1953 4806 ex

371 4845 457 4904 Naris
475 4843 618 4917 descriptio
636 4843 791 4916 specialior·
812 4863 840 4899 n.
861 4857 885 4898 t.
1187 4843 1367 4915 disputatione
1383 4841 1441 4911 ipsa
1459 4840 1614 4912 apparebit,
1633 4859 1686 4896 non
1703 4860 1770 4913 opus
1788 4838 1847 4894 fore
1860 4835 1951 4892 existi·

372 4929 660 4988 Distinctiornour'um.
680 4945 709 4981 rt·
730 4938 754 4979 t·
1186 4929 1271 4994 mari,
1289 4927 1395 4990 omnis,
1413 4941 1479 4996 quac
1496 4925 1565 4979 circa
1584 4941 1660 4980 nares
1678 4934 1831 4987 versantur,
1850 4937 1953 4976 carum·

372 5013 492 5069 Navium
508 5011 614 5068 utilitas
629 5011 660 5065 in
678 5019 831 5067 mutatura
848 5014 1018 5086 conspicitur.
1036 5033 1064 5068 rr.
1093 5025 1116 5067 t.
1185 5027 1238 5082 qne
1255 5009 1391 5075 vocabula,
1410 5020 1434 5064 et
1444 5017 1583 5063 nautarum
1598 5005 1689 5063 olficia
1703 5023 1874 5081 percensere,
1887 5021 1954 5059 nom

379 5095 474 5154 trtius
486 5095 658 5168 potissimum
674 5105 767 5151 tumen
787 5096 815 5150 in
829 5095 935 5168 Belgio.
953 5115 981 5151 n.
1002 5107 1026 5149 t.
1186 5099 1259 5154 nulla
1275 5109 1364 5153 antem
1382 5115 1551 5166 enumerare,
1571 5098 1604 5151 de
1621 5094 1717 5168 quibus
1734 5093 1764 5147 in
1783 5096 1839 5162 jure
1859 5099 1951 5146 nostro

374 5181 450 5238 utre
466 5182 617 5235 immensus
632 5179 726 5252 augit
740 5179 859 5236 disiice.
877 5197 905 5234 n.
928 5193 954 5234 t.
1188 5181 1222 5238 lit
1246 5183 1363 5248 mentio,
1380 5199 1434 5236 non
1451 5183 1498 5236 aba
1523 5199 1552 5238 rs
1576 5181 1638 5236 crit.
1655 5179 1824 5234 Descendens
1839 5175 1950 5232 terbum
1992 5182 2009 5222 2

376 5267 451 5324 Hinc
466 5265 595 5339 splendor·
610 5275 637 5320 et
654 5279 717 5336 opes
735 5262 949 5321 Amstcmdumi.
968 5283 996 5320 rt.
1019 5276 1061 5319 to.
1188 5267 1262 5322 navis
1280 5287 1295 5320 a
1313 5267 1353 5323 No
1371 5268 1461 5333 serbo,
1479 5267 1552 5338 qood
1570 5275 1612 5321 cst
1628 5275 1704 5328 nato,
1727 5263 1838 5334 quidam
1860 5265 1954 5332 ajunt,

376 5353 544 5408 ferarum
568 5363 687 5422 ternpore
715 5349 903 5408 aurdanau
934 5347 1075 5406 conveniri
1090 5355 1139 5404 out
1189 5351 1235 5404 alii
1250 5346 1705 5421 deducuntsgraccouaurquoda
1729 5348 1782 5400 atio
1795 5349 1851 5402 sire
1871 5346 1957 5411 sdan,

413 5436 546 5498 amaturi
559 5447 705 5509 mqueuat.
724 5455 751 5492 rr.
774 5447 813 5490 tr.
1188 5437 1258 5509 quot
1275 5447 1331 5508 est,
1349 5436 1412 5495 flua·
1433 5435 1556 5495 smera
1574 5435 1607 5494 de
1626 5435 1713 5506 Span-
1730 5449 1756 5505 ρ·
1777 5440 1801 5506 .⁴„·
1821 5445 1852 5508 t.
1868 5443 1910 5488 tt·
1928 5445 1956 5502 s·
