<?xml version="1.0" encoding="UTF-8"?>
<!DOCTYPE html PUBLIC "-//W3C//DTD XHTML 1.0 Transitional//EN"
    "http://www.w3.org/TR/xhtml1/DTD/xhtml1-transitional.dtd">
<html xmlns="http://www.w3.org/1999/xhtml" xml:lang="en" lang="en">
 <head>
  <title>
</title>
<meta http-equiv="Content-Type" content="text/html;charset=utf-8" />
  <meta name='ocr-system' content='tesseract 3.04.00' />
  <meta name='ocr-capabilities' content='ocr_page ocr_carea ocr_par ocr_line ocrx_word'/>
</head>
<body>
  <div class='ocr_page' id='page_1' title='image "./samuelisstrykii09schogoog_0059.png"; bbox 0 0 4424 6340; ppageno 0'>
   <div class='ocr_carea' id='block_1_1' title="bbox 311 503 346 558">
    <p class='ocr_par' dir='ltr' id='par_1_1' title="bbox 311 503 346 558">
     <span class='ocr_line' id='line_1_1' title="bbox 311 503 346 558; baseline 0 0"><span class='ocrx_word' id='word_1_1' title='bbox 311 503 346 558; x_wconf 80' lang='grc'>99</span> 
     </span>
    </p>
   </div>
   <div class='ocr_carea' id='block_1_2' title="bbox 240 568 1011 824">
    <p class='ocr_par' dir='ltr' id='par_1_2' title="bbox 240 568 1011 824">
     <span class='ocr_line' id='line_1_2' title="bbox 240 568 1011 653; baseline -0.026 -15"><span class='ocrx_word' id='word_1_2' title='bbox 240 585 291 638; x_wconf 85' lang='lat' dir='ltr'>tim</span> <span class='ocrx_word' id='word_1_3' title='bbox 302 573 538 653; x_wconf 85' lang='lat' dir='ltr'>pronunciandum.</span> <span class='ocrx_word' id='word_1_4' title='bbox 548 575 580 626; x_wconf 88' lang='lat' dir='ltr'>Iu</span> <span class='ocrx_word' id='word_1_5' title='bbox 594 570 767 624; x_wconf 85' lang='lat' dir='ltr'>Dardanariis</span> <span class='ocrx_word' id='word_1_6' title='bbox 779 569 868 636; x_wconf 83' lang='lat' dir='ltr'>itaque</span> <span class='ocrx_word' id='word_1_7' title='bbox 879 577 905 620; x_wconf 87' lang='lat' dir='ltr'>et</span> <span class='ocrx_word' id='word_1_8' title='bbox 918 568 1011 619; x_wconf 82' lang='lat' dir='ltr'>biono-</span> 
     </span>
     <span class='ocr_line' id='line_1_3' title="bbox 243 652 1009 742; baseline -0.033 -21"><span class='ocrx_word' id='word_1_9' title='bbox 243 669 313 742; x_wconf 90' lang='lat' dir='ltr'>polis</span> <span class='ocrx_word' id='word_1_10' title='bbox 331 665 411 719; x_wconf 83' lang='lat' dir='ltr'>etiam</span> <span class='ocrx_word' id='word_1_11' title='bbox 432 659 547 714; x_wconf 87' lang='lat' dir='ltr'>intentio</span> <span class='ocrx_word' id='word_1_12' title='bbox 566 657 715 730; x_wconf 83' lang='lat' dir='ltr'>spectanda.</span> <span class='ocrx_word' id='word_1_13' title='bbox 736 656 820 725; x_wconf 87' lang='lat' dir='ltr'>Saepe</span> <span class='ocrx_word' id='word_1_14' title='bbox 838 652 937 724; x_wconf 86' lang='lat' dir='ltr'>aliquid</span> <span class='ocrx_word' id='word_1_15' title='bbox 949 657 1009 708; x_wconf 75' lang='lat' dir='ltr'>Mo.</span> 
     </span>
     <span class='ocr_line' id='line_1_4' title="bbox 240 739 1011 824; baseline -0.023 -18"><span class='ocrx_word' id='word_1_16' title='bbox 240 751 378 824; x_wconf 70' lang='lat' dir='ltr'>nepulium</span> <span class='ocrx_word' id='word_1_17' title='bbox 397 763 455 802; x_wconf 88' lang='lat' dir='ltr'>esse</span> <span class='ocrx_word' id='word_1_18' title='bbox 473 745 588 810; x_wconf 83' lang='lat' dir='ltr'>ridetur,</span> <span class='ocrx_word' id='word_1_19' title='bbox 607 741 677 812; x_wconf 85' lang='lat' dir='ltr'>quod</span> <span class='ocrx_word' id='word_1_20' title='bbox 697 750 785 792; x_wconf 87' lang='lat' dir='ltr'>tamen</span> <span class='ocrx_word' id='word_1_21' title='bbox 804 755 856 790; x_wconf 87' lang='lat' dir='ltr'>non</span> <span class='ocrx_word' id='word_1_22' title='bbox 876 748 931 800; x_wconf 80' lang='lat' dir='ltr'>est3</span> <span class='ocrx_word' id='word_1_23' title='bbox 948 739 1011 790; x_wconf 87' lang='lat' dir='ltr'>Sae-</span> 
     </span>
    </p>
   </div>
   <div class='ocr_carea' id='block_1_3' title="bbox 211 823 1009 5561">
    <p class='ocr_par' dir='ltr' id='par_1_3' title="bbox 238 823 1009 1406">
     <span class='ocr_line' id='line_1_5' title="bbox 239 823 1008 910; baseline -0.021 -18"><span class='ocrx_word' id='word_1_24' title='bbox 239 857 273 910; x_wconf 91' lang='lat' dir='ltr'>pe</span> <span class='ocrx_word' id='word_1_25' title='bbox 291 837 384 892; x_wconf 84' lang='lat' dir='ltr'>itidem</span> <span class='ocrx_word' id='word_1_26' title='bbox 403 834 500 902; x_wconf 85' lang='lat' dir='ltr'>absque</span> <span class='ocrx_word' id='word_1_27' title='bbox 518 828 632 885; x_wconf 90' lang='lat' dir='ltr'>crimine</span> <span class='ocrx_word' id='word_1_28' title='bbox 641 825 823 882; x_wconf 84' lang='lat' dir='ltr'>committitur</span> <span class='ocrx_word' id='word_1_29' title='bbox 834 823 1008 876; x_wconf 83' lang='lat' dir='ltr'>Dardanaria·</span> 
     </span>
     <span class='ocr_line' id='line_1_6' title="bbox 238 907 1006 987; baseline -0.018 -13"><span class='ocrx_word' id='word_1_30' title='bbox 238 932 291 974; x_wconf 85' lang='lat' dir='ltr'>tns.</span> <span class='ocrx_word' id='word_1_31' title='bbox 310 920 387 974; x_wconf 78' lang='lat' dir='ltr'>Finis</span> <span class='ocrx_word' id='word_1_32' title='bbox 399 919 446 970; x_wconf 89' lang='lat' dir='ltr'>has</span> <span class='ocrx_word' id='word_1_33' title='bbox 457 931 560 987; x_wconf 87' lang='lat' dir='ltr'>quoqne</span> <span class='ocrx_word' id='word_1_34' title='bbox 571 907 734 965; x_wconf 75' lang='lat' dir='ltr'>diversificat</span> <span class='ocrx_word' id='word_1_35' title='bbox 751 907 878 960; x_wconf 83' lang='lat' dir='ltr'>actiones.</span> <span class='ocrx_word' id='word_1_36' title='bbox 900 907 947 958; x_wconf 84' lang='lat' dir='ltr'>Sic</span> <span class='ocrx_word' id='word_1_37' title='bbox 963 923 1006 960; x_wconf 90' lang='lat' dir='ltr'>ca·</span> 
     </span>
     <span class='ocr_line' id='line_1_7' title="bbox 244 989 1008 1072; baseline -0.025 -14"><span class='ocrx_word' id='word_1_38' title='bbox 244 1022 289 1058; x_wconf 80' lang='lat' dir='ltr'>sus</span> <span class='ocrx_word' id='word_1_39' title='bbox 302 1002 360 1056; x_wconf 84' lang='lat' dir='ltr'>dari</span> <span class='ocrx_word' id='word_1_40' title='bbox 372 1007 497 1072; x_wconf 76' lang='lat' dir='ltr'>possunt,</span> <span class='ocrx_word' id='word_1_41' title='bbox 506 996 536 1048; x_wconf 90' lang='lat' dir='ltr'>in</span> <span class='ocrx_word' id='word_1_42' title='bbox 547 995 643 1066; x_wconf 70' lang='lat' dir='ltr'>qubus</span> <span class='ocrx_word' id='word_1_43' title='bbox 656 989 808 1061; x_wconf 85' lang='lat' dir='ltr'>Monopolia</span> <span class='ocrx_word' id='word_1_44' title='bbox 820 989 1008 1052; x_wconf 87' lang='lat' dir='ltr'>conceduntur,</span> 
     </span>
     <span class='ocr_line' id='line_1_8' title="bbox 243 1075 1009 1154; baseline -0.016 -14"><span class='ocrx_word' id='word_1_45' title='bbox 243 1099 271 1142; x_wconf 92' lang='lat' dir='ltr'>ut</span> <span class='ocrx_word' id='word_1_46' title='bbox 285 1082 626 1154; x_wconf 78' lang='lat' dir='ltr'>tamenlricdlonupolicam</span> <span class='ocrx_word' id='word_1_47' title='bbox 639 1078 724 1130; x_wconf 87' lang='lat' dir='ltr'>labem</span> <span class='ocrx_word' id='word_1_48' title='bbox 739 1094 791 1128; x_wconf 91' lang='lat' dir='ltr'>non</span> <span class='ocrx_word' id='word_1_49' title='bbox 802 1075 1009 1128; x_wconf 76' lang='lat' dir='ltr'>incurrat-Licet</span> 
     </span>
     <span class='ocr_line' id='line_1_9' title="bbox 238 1158 1009 1239; baseline -0.016 -17"><span class='ocrx_word' id='word_1_50' title='bbox 238 1174 313 1223; x_wconf 90' lang='lat' dir='ltr'>enim</span> <span class='ocrx_word' id='word_1_51' title='bbox 325 1167 451 1239; x_wconf 79' lang='lat' dir='ltr'>quaedam</span> <span class='ocrx_word' id='word_1_52' title='bbox 463 1165 554 1234; x_wconf 88' lang='lat' dir='ltr'>iniqua</span> <span class='ocrx_word' id='word_1_53' title='bbox 566 1166 630 1226; x_wconf 89' lang='lat' dir='ltr'>sint,</span> <span class='ocrx_word' id='word_1_54' title='bbox 641 1162 700 1214; x_wconf 84' lang='lat' dir='ltr'>talia</span> <span class='ocrx_word' id='word_1_55' title='bbox 713 1171 802 1213; x_wconf 87' lang='lat' dir='ltr'>tamen</span> <span class='ocrx_word' id='word_1_56' title='bbox 814 1176 869 1212; x_wconf 88' lang='lat' dir='ltr'>esse</span> <span class='ocrx_word' id='word_1_57' title='bbox 882 1158 1009 1211; x_wconf 88' lang='lat' dir='ltr'>desinunt</span> 
     </span>
     <span class='ocr_line' id='line_1_10' title="bbox 238 1240 1007 1323; baseline -0.02 -16"><span class='ocrx_word' id='word_1_58' title='bbox 238 1252 342 1323; x_wconf 87' lang='lat' dir='ltr'>quando</span> <span class='ocrx_word' id='word_1_59' title='bbox 356 1249 459 1322; x_wconf 87' lang='lat' dir='ltr'>publica</span> <span class='ocrx_word' id='word_1_60' title='bbox 469 1243 540 1300; x_wconf 82' lang='lat' dir='ltr'>irunt</span> <span class='ocrx_word' id='word_1_61' title='bbox 552 1243 725 1306; x_wconf 67' lang='lat' dir='ltr'>Auctoritatis,</span> <span class='ocrx_word' id='word_1_62' title='bbox 737 1240 805 1294; x_wconf 84' lang='lat' dir='ltr'>benc</span> <span class='ocrx_word' id='word_1_63' title='bbox 824 1241 959 1296; x_wconf 84' lang='lat' dir='ltr'>communi</span> <span class='ocrx_word' id='word_1_64' title='bbox 979 1241 1007 1293; x_wconf 91' lang='lat' dir='ltr'>id</span> 
     </span>
     <span class='ocr_line' id='line_1_11' title="bbox 242 1335 413 1406; baseline -0.035 -16"><span class='ocrx_word' id='word_1_65' title='bbox 242 1335 413 1406; x_wconf 82' lang='lat' dir='ltr'>eissrgitaute.</span> 
     </span>
    </p>

    <p class='ocr_par' dir='ltr' id='par_1_4' title="bbox 228 1409 1006 3522">
     <span class='ocr_line' id='line_1_12' title="bbox 278 1409 1005 1490; baseline -0.017 -16"><span class='ocrx_word' id='word_1_66' title='bbox 278 1420 323 1474; x_wconf 86' lang='lat' dir='ltr'>Sic</span> <span class='ocrx_word' id='word_1_67' title='bbox 341 1417 364 1472; x_wconf 91' lang='lat' dir='ltr'>si</span> <span class='ocrx_word' id='word_1_68' title='bbox 383 1415 509 1490; x_wconf 83' lang='lat' dir='ltr'>Respubl.</span> <span class='ocrx_word' id='word_1_69' title='bbox 527 1415 616 1486; x_wconf 80' lang='lat' dir='ltr'>aliqua</span> <span class='ocrx_word' id='word_1_70' title='bbox 634 1413 716 1468; x_wconf 89' lang='lat' dir='ltr'>certis</span> <span class='ocrx_word' id='word_1_71' title='bbox 736 1411 894 1484; x_wconf 84' lang='lat' dir='ltr'>quibusdam</span> <span class='ocrx_word' id='word_1_72' title='bbox 913 1409 945 1464; x_wconf 89' lang='lat' dir='ltr'>ad</span> <span class='ocrx_word' id='word_1_73' title='bbox 962 1411 1005 1464; x_wconf 82' lang='lat' dir='ltr'>ri-</span> 
     </span>
     <span class='ocr_line' id='line_1_13' title="bbox 237 1494 1006 1568; baseline -0.013 -11"><span class='ocrx_word' id='word_1_74' title='bbox 237 1516 309 1557; x_wconf 85' lang='lat' dir='ltr'>ctum</span> <span class='ocrx_word' id='word_1_75' title='bbox 323 1502 479 1556; x_wconf 80' lang='lat' dir='ltr'>necessariis</span> <span class='ocrx_word' id='word_1_76' title='bbox 498 1499 575 1554; x_wconf 84' lang='lat' dir='ltr'>rebus</span> <span class='ocrx_word' id='word_1_77' title='bbox 592 1499 735 1568; x_wconf 77' lang='lat' dir='ltr'>indigeret,</span> <span class='ocrx_word' id='word_1_78' title='bbox 747 1513 812 1566; x_wconf 85' lang='lat' dir='ltr'>quae</span> <span class='ocrx_word' id='word_1_79' title='bbox 826 1494 936 1548; x_wconf 73' lang='lat' dir='ltr'>forsitan</span> <span class='ocrx_word' id='word_1_80' title='bbox 948 1497 1006 1547; x_wconf 87' lang='lat' dir='ltr'>lon-</span> 
     </span>
     <span class='ocr_line' id='line_1_14' title="bbox 239 1579 1004 1660; baseline -0.016 -18"><span class='ocrx_word' id='word_1_81' title='bbox 239 1591 314 1660; x_wconf 75' lang='lat' dir='ltr'>gius,</span> <span class='ocrx_word' id='word_1_82' title='bbox 339 1598 367 1642; x_wconf 90' lang='lat' dir='ltr'>et</span> <span class='ocrx_word' id='word_1_83' title='bbox 389 1603 446 1641; x_wconf 89' lang='lat' dir='ltr'>non</span> <span class='ocrx_word' id='word_1_84' title='bbox 465 1586 524 1640; x_wconf 89' lang='lat' dir='ltr'>sine</span> <span class='ocrx_word' id='word_1_85' title='bbox 550 1601 653 1636; x_wconf 90' lang='lat' dir='ltr'>summo</span> <span class='ocrx_word' id='word_1_86' title='bbox 673 1583 789 1653; x_wconf 85' lang='lat' dir='ltr'>periculo</span> <span class='ocrx_word' id='word_1_87' title='bbox 812 1579 1004 1652; x_wconf 63' lang='lat' dir='ltr'>apportandum</span> 
     </span>
     <span class='ocr_line' id='line_1_15' title="bbox 237 1663 1006 1735; baseline -0.016 -7"><span class='ocrx_word' id='word_1_88' title='bbox 237 1673 340 1728; x_wconf 87' lang='lat' dir='ltr'>subditi</span> <span class='ocrx_word' id='word_1_89' title='bbox 360 1691 420 1726; x_wconf 88' lang='lat' dir='ltr'>rero</span> <span class='ocrx_word' id='word_1_90' title='bbox 439 1671 500 1724; x_wconf 87' lang='lat' dir='ltr'>huic</span> <span class='ocrx_word' id='word_1_91' title='bbox 518 1667 605 1732; x_wconf 87' lang='lat' dir='ltr'>oneri,</span> <span class='ocrx_word' id='word_1_92' title='bbox 616 1666 709 1735; x_wconf 83' lang='lat' dir='ltr'>bisque</span> <span class='ocrx_word' id='word_1_93' title='bbox 721 1665 838 1720; x_wconf 79' lang='lat' dir='ltr'>serendis</span> <span class='ocrx_word' id='word_1_94' title='bbox 856 1663 1006 1735; x_wconf 76' lang='lat' dir='ltr'>sumptibus</span> 
     </span>
     <span class='ocr_line' id='line_1_16' title="bbox 236 1747 1003 1832; baseline -0.016 -20"><span class='ocrx_word' id='word_1_95' title='bbox 236 1760 363 1832; x_wconf 82' lang='lat' dir='ltr'>impares,</span> <span class='ocrx_word' id='word_1_96' title='bbox 377 1768 449 1820; x_wconf 91' lang='lat' dir='ltr'>tunc,</span> <span class='ocrx_word' id='word_1_97' title='bbox 467 1754 529 1826; x_wconf 87' lang='lat' dir='ltr'>quia</span> <span class='ocrx_word' id='word_1_98' title='bbox 547 1752 653 1806; x_wconf 88' lang='lat' dir='ltr'>utilitas</span> <span class='ocrx_word' id='word_1_99' title='bbox 666 1751 770 1822; x_wconf 85' lang='lat' dir='ltr'>publica</span> <span class='ocrx_word' id='word_1_100' title='bbox 788 1751 817 1804; x_wconf 91' lang='lat' dir='ltr'>id</span> <span class='ocrx_word' id='word_1_101' title='bbox 835 1747 929 1818; x_wconf 78' lang='lat' dir='ltr'>exigit,</span> <span class='ocrx_word' id='word_1_102' title='bbox 944 1750 1003 1800; x_wconf 81' lang='lat' dir='ltr'>blo·</span> 
     </span>
     <span class='ocr_line' id='line_1_17' title="bbox 236 1835 1005 1916; baseline -0.017 -18"><span class='ocrx_word' id='word_1_103' title='bbox 236 1843 340 1916; x_wconf 84' lang='lat' dir='ltr'>nopolii</span> <span class='ocrx_word' id='word_1_104' title='bbox 357 1841 515 1894; x_wconf 75' lang='lat' dir='ltr'>exercitium</span> <span class='ocrx_word' id='word_1_105' title='bbox 529 1838 612 1892; x_wconf 89' lang='lat' dir='ltr'>alicui</span> <span class='ocrx_word' id='word_1_106' title='bbox 630 1835 738 1890; x_wconf 78' lang='lat' dir='ltr'>concedi</span> <span class='ocrx_word' id='word_1_107' title='bbox 756 1843 857 1906; x_wconf 68' lang='lat' dir='ltr'>possets</span> <span class='ocrx_word' id='word_1_108' title='bbox 872 1842 958 1886; x_wconf 74' lang='lat' dir='ltr'>taxum</span> <span class='ocrx_word' id='word_1_109' title='bbox 971 1842 1005 1885; x_wconf 84' lang='lat' dir='ltr'>ta·</span> 
     </span>
     <span class='ocr_line' id='line_1_18' title="bbox 238 1920 1005 1997; baseline -0.014 -16"><span class='ocrx_word' id='word_1_110' title='bbox 238 1945 301 1982; x_wconf 81' lang='lat' dir='ltr'>naen</span> <span class='ocrx_word' id='word_1_111' title='bbox 317 1937 395 1997; x_wconf 82' lang='lat' dir='ltr'>atque</span> <span class='ocrx_word' id='word_1_112' title='bbox 412 1925 550 1978; x_wconf 84' lang='lat' dir='ltr'>moderato</span> <span class='ocrx_word' id='word_1_113' title='bbox 564 1922 660 1991; x_wconf 85' lang='lat' dir='ltr'>pretio,</span> <span class='ocrx_word' id='word_1_114' title='bbox 674 1921 819 1989; x_wconf 81' lang='lat' dir='ltr'>attentisq;</span> <span class='ocrx_word' id='word_1_115' title='bbox 832 1920 1005 1972; x_wconf 87' lang='lat' dir='ltr'>circumstan-</span> 
     </span>
     <span class='ocr_line' id='line_1_19' title="bbox 238 2002 1003 2075; baseline -0.013 -10"><span class='ocrx_word' id='word_1_116' title='bbox 238 2013 284 2066; x_wconf 90' lang='lat' dir='ltr'>tiis</span> <span class='ocrx_word' id='word_1_117' title='bbox 300 2010 425 2064; x_wconf 84' lang='lat' dir='ltr'>omnihus</span> <span class='ocrx_word' id='word_1_118' title='bbox 444 2005 680 2070; x_wconf 72' lang='lat' dir='ltr'>concurrentibus,</span> <span class='ocrx_word' id='word_1_119' title='bbox 699 2004 794 2074; x_wconf 84' lang='lat' dir='ltr'>nequi</span> <span class='ocrx_word' id='word_1_120' title='bbox 812 2021 843 2058; x_wconf 89' lang='lat' dir='ltr'>eo</span> <span class='ocrx_word' id='word_1_121' title='bbox 861 2002 1003 2075; x_wconf 77' lang='lat' dir='ltr'>privilegio</span> 
     </span>
     <span class='ocr_line' id='line_1_20' title="bbox 237 2088 1003 2164; baseline -0.012 -15"><span class='ocrx_word' id='word_1_122' title='bbox 237 2095 311 2149; x_wconf 88' lang='lat' dir='ltr'>usuri</span> <span class='ocrx_word' id='word_1_123' title='bbox 336 2096 405 2157; x_wconf 90' lang='lat' dir='ltr'>siut,</span> <span class='ocrx_word' id='word_1_124' title='bbox 424 2095 484 2164; x_wconf 88' lang='lat' dir='ltr'>plus</span> <span class='ocrx_word' id='word_1_125' title='bbox 502 2093 572 2160; x_wconf 87' lang='lat' dir='ltr'>justo</span> <span class='ocrx_word' id='word_1_126' title='bbox 600 2089 739 2160; x_wconf 80' lang='lat' dir='ltr'>llempubl.</span> <span class='ocrx_word' id='word_1_127' title='bbox 758 2091 884 2157; x_wconf 69' lang='lat' dir='ltr'>[gravent.</span> <span class='ocrx_word' id='word_1_128' title='bbox 903 2089 939 2142; x_wconf 89' lang='lat' dir='ltr'>Et</span> <span class='ocrx_word' id='word_1_129' title='bbox 955 2088 1003 2140; x_wconf 91' lang='lat' dir='ltr'>boc</span> 
     </span>
     <span class='ocr_line' id='line_1_21' title="bbox 237 2173 1000 2252; baseline -0.008 -20"><span class='ocrx_word' id='word_1_130' title='bbox 237 2179 314 2232; x_wconf 89' lang='lat' dir='ltr'>modo</span> <span class='ocrx_word' id='word_1_131' title='bbox 332 2184 428 2252; x_wconf 86' lang='lat' dir='ltr'>populu</span> <span class='ocrx_word' id='word_1_132' title='bbox 448 2176 523 2248; x_wconf 88' lang='lat' dir='ltr'>inopi</span> <span class='ocrx_word' id='word_1_133' title='bbox 540 2173 668 2239; x_wconf 83' lang='lat' dir='ltr'>succurri,</span> <span class='ocrx_word' id='word_1_134' title='bbox 685 2175 816 2228; x_wconf 85' lang='lat' dir='ltr'>aerarium</span> <span class='ocrx_word' id='word_1_135' title='bbox 833 2193 935 2246; x_wconf 75' lang='lat' dir='ltr'>qnoque</span> <span class='ocrx_word' id='word_1_136' title='bbox 948 2175 1000 2228; x_wconf 82' lang='lat' dir='ltr'>rui-</span> 
     </span>
     <span class='ocr_line' id='line_1_22' title="bbox 234 2259 1002 2330; baseline -0.012 -13"><span class='ocrx_word' id='word_1_137' title='bbox 234 2283 296 2318; x_wconf 85' lang='lat' dir='ltr'>rum</span> <span class='ocrx_word' id='word_1_138' title='bbox 321 2263 351 2316; x_wconf 88' lang='lat' dir='ltr'>in</span> <span class='ocrx_word' id='word_1_139' title='bbox 375 2263 481 2316; x_wconf 86' lang='lat' dir='ltr'>modum</span> <span class='ocrx_word' id='word_1_140' title='bbox 510 2259 600 2326; x_wconf 79' lang='lat' dir='ltr'>augeri</span> <span class='ocrx_word' id='word_1_141' title='bbox 627 2269 724 2330; x_wconf 86' lang='lat' dir='ltr'>potest.</span> <span class='ocrx_word' id='word_1_142' title='bbox 751 2259 863 2328; x_wconf 75' lang='lat' dir='ltr'>Magnis.</span> <span class='ocrx_word' id='word_1_143' title='bbox 890 2262 943 2314; x_wconf 85' lang='lat' dir='ltr'>lln.</span> <span class='ocrx_word' id='word_1_144' title='bbox 970 2262 1002 2312; x_wconf 85' lang='lat' dir='ltr'>D.</span> 
     </span>
     <span class='ocr_line' id='line_1_23' title="bbox 235 2343 1003 2414; baseline -0.007 -12"><span class='ocrx_word' id='word_1_145' title='bbox 235 2349 337 2402; x_wconf 89' lang='lat' dir='ltr'>Brunn.</span> <span class='ocrx_word' id='word_1_146' title='bbox 351 2350 504 2402; x_wconf 73' lang='lat' dir='ltr'>Commeat·</span> <span class='ocrx_word' id='word_1_147' title='bbox 519 2345 555 2398; x_wconf 88' lang='lat' dir='ltr'>ud</span> <span class='ocrx_word' id='word_1_148' title='bbox 564 2344 590 2395; x_wconf 81' lang='lat' dir='ltr'>d·</span> <span class='ocrx_word' id='word_1_149' title='bbox 604 2344 623 2395; x_wconf 88' lang='lat'>1.</span> <span class='ocrx_word' id='word_1_150' title='bbox 643 2346 695 2396; x_wconf 76' lang='lat' dir='ltr'>Uu-</span> <span class='ocrx_word' id='word_1_151' title='bbox 708 2345 740 2399; x_wconf 89' lang='lat' dir='ltr'>C·</span> <span class='ocrx_word' id='word_1_152' title='bbox 756 2343 789 2398; x_wconf 88' lang='lat' dir='ltr'>de</span> <span class='ocrx_word' id='word_1_153' title='bbox 803 2345 944 2414; x_wconf 79' lang='lat' dir='ltr'>Monopol.</span> <span class='ocrx_word' id='word_1_154' title='bbox 958 2346 1003 2397; x_wconf 88' lang='lat' dir='ltr'>Pe·</span> 
     </span>
     <span class='ocr_line' id='line_1_24' title="bbox 234 2427 1001 2488; baseline -0.01 -2"><span class='ocrx_word' id='word_1_155' title='bbox 234 2451 289 2486; x_wconf 81' lang='lat' dir='ltr'>rea.</span> <span class='ocrx_word' id='word_1_156' title='bbox 306 2433 334 2484; x_wconf 88' lang='lat' dir='ltr'>iu</span> <span class='ocrx_word' id='word_1_157' title='bbox 353 2433 461 2488; x_wconf 88' lang='lat' dir='ltr'>Comm.</span> <span class='ocrx_word' id='word_1_158' title='bbox 476 2428 545 2485; x_wconf 87' lang='lat' dir='ltr'>Cod.</span> <span class='ocrx_word' id='word_1_159' title='bbox 563 2427 591 2479; x_wconf 82' lang='lat' dir='ltr'>d·</span> <span class='ocrx_word' id='word_1_160' title='bbox 609 2438 628 2477; x_wconf 86' lang='grc' dir='ltr'>ι.</span> <span class='ocrx_word' id='word_1_161' title='bbox 649 2447 678 2482; x_wconf 86' lang='lat' dir='ltr'>u.</span> <span class='ocrx_word' id='word_1_162' title='bbox 698 2439 721 2479; x_wconf 86' lang='grc' dir='ltr'>ι.</span> <span class='ocrx_word' id='word_1_163' title='bbox 740 2428 863 2482; x_wconf 85' lang='lat' dir='ltr'>Menocb.</span> <span class='ocrx_word' id='word_1_164' title='bbox 882 2429 900 2479; x_wconf 84' lang='lat' dir='ltr'>l.</span> <span class='ocrx_word' id='word_1_165' title='bbox 921 2439 945 2480; x_wconf 84' lang='grc' dir='ltr'>ι.</span> <span class='ocrx_word' id='word_1_166' title='bbox 965 2429 1001 2482; x_wconf 81' lang='lat' dir='ltr'>A.</span> 
     </span>
     <span class='ocr_line' id='line_1_25' title="bbox 235 2511 1001 2587; baseline -0.009 -17"><span class='ocrx_word' id='word_1_167' title='bbox 235 2521 265 2570; x_wconf 83' lang='lat' dir='ltr'>J.</span> <span class='ocrx_word' id='word_1_168' title='bbox 288 2521 319 2587; x_wconf 81' lang='lat' dir='ltr'>Q.</span> <span class='ocrx_word' id='word_1_169' title='bbox 338 2535 396 2572; x_wconf 87' lang='lat' dir='ltr'>cus.</span> <span class='ocrx_word' id='word_1_170' title='bbox 416 2527 476 2568; x_wconf 76' lang='lat' dir='ltr'>att.</span> <span class='ocrx_word' id='word_1_171' title='bbox 494 2533 524 2566; x_wconf 85' lang='grc' dir='ltr'>ιι.</span> <span class='ocrx_word' id='word_1_172' title='bbox 545 2523 587 2564; x_wconf 79' lang='grc' dir='ltr'>ιι.</span> <span class='ocrx_word' id='word_1_173' title='bbox 606 2511 704 2568; x_wconf 77' lang='lat' dir='ltr'>Luder-</span> <span class='ocrx_word' id='word_1_174' title='bbox 730 2513 833 2566; x_wconf 83' lang='lat' dir='ltr'>Melina</span> <span class='ocrx_word' id='word_1_175' title='bbox 862 2515 951 2566; x_wconf 83' lang='lat' dir='ltr'>Treet.</span> <span class='ocrx_word' id='word_1_176' title='bbox 979 2523 1001 2564; x_wconf 82' lang='grc' dir='ltr'>ι.</span> 
     </span>
     <span class='ocr_line' id='line_1_26' title="bbox 233 2596 1001 2671; baseline -0.01 -15"><span class='ocrx_word' id='word_1_177' title='bbox 233 2601 267 2656; x_wconf 86' lang='lat' dir='ltr'>de</span> <span class='ocrx_word' id='word_1_178' title='bbox 280 2602 347 2671; x_wconf 83' lang='lat' dir='ltr'>just.</span> <span class='ocrx_word' id='word_1_179' title='bbox 371 2612 396 2653; x_wconf 87' lang='lat' dir='ltr'>et</span> <span class='ocrx_word' id='word_1_180' title='bbox 414 2599 473 2669; x_wconf 81' lang='lat' dir='ltr'>jur.</span> <span class='ocrx_word' id='word_1_181' title='bbox 500 2597 580 2666; x_wconf 80' lang='lat' dir='ltr'>Disp.</span> <span class='ocrx_word' id='word_1_182' title='bbox 606 2607 664 2650; x_wconf 81' lang='grc' dir='ltr'>ιιι.</span> <span class='ocrx_word' id='word_1_183' title='bbox 686 2615 714 2648; x_wconf 91' lang='grc' dir='ltr'>ιι.</span> <span class='ocrx_word' id='word_1_184' title='bbox 736 2609 760 2650; x_wconf 84' lang='lat' dir='ltr'>s.</span> <span class='ocrx_word' id='word_1_185' title='bbox 779 2596 871 2650; x_wconf 88' lang='lat' dir='ltr'>Tiber.</span> <span class='ocrx_word' id='word_1_186' title='bbox 893 2599 1001 2652; x_wconf 88' lang='lat' dir='ltr'>Decian.</span> 
     </span>
     <span class='ocr_line' id='line_1_27' title="bbox 241 2683 1002 2742; baseline -0.005 -2"><span class='ocrx_word' id='word_1_187' title='bbox 241 2689 330 2740; x_wconf 76' lang='lat' dir='ltr'>Truct.</span> <span class='ocrx_word' id='word_1_188' title='bbox 344 2685 462 2742; x_wconf 84' lang='lat' dir='ltr'>Crimiu.</span> <span class='ocrx_word' id='word_1_189' title='bbox 474 2683 520 2736; x_wconf 82' lang='lat' dir='ltr'>lid.</span> <span class='ocrx_word' id='word_1_190' title='bbox 543 2695 567 2735; x_wconf 83' lang='grc' dir='ltr'>ι.</span> <span class='ocrx_word' id='word_1_191' title='bbox 586 2699 609 2733; x_wconf 84' lang='grc' dir='ltr'>ε.</span> <span class='ocrx_word' id='word_1_192' title='bbox 630 2693 672 2734; x_wconf 80' lang='grc' dir='ltr'>ιι.</span> <span class='ocrx_word' id='word_1_193' title='bbox 692 2699 720 2734; x_wconf 84' lang='grc' dir='ltr'>ιι.</span> <span class='ocrx_word' id='word_1_194' title='bbox 741 2695 765 2736; x_wconf 83' lang='grc' dir='ltr'>ι.</span> <span class='ocrx_word' id='word_1_195' title='bbox 783 2693 810 2736; x_wconf 85' lang='grc' dir='ltr'>ει</span> <span class='ocrx_word' id='word_1_196' title='bbox 829 2693 853 2734; x_wconf 78' lang='grc' dir='ltr'>ι.</span> <span class='ocrx_word' id='word_1_197' title='bbox 872 2683 926 2736; x_wconf 82' lang='grc' dir='ltr'>Νεε</span> <span class='ocrx_word' id='word_1_198' title='bbox 939 2701 1002 2737; x_wconf 83' lang='lat' dir='ltr'>con-</span> 
     </span>
     <span class='ocr_line' id='line_1_28' title="bbox 234 2768 1002 2841; baseline -0.001 -17"><span class='ocrx_word' id='word_1_199' title='bbox 234 2783 275 2824; x_wconf 90' lang='lat' dir='ltr'>tra</span> <span class='ocrx_word' id='word_1_200' title='bbox 294 2773 423 2826; x_wconf 84' lang='lat' dir='ltr'>rationem</span> <span class='ocrx_word' id='word_1_201' title='bbox 436 2769 566 2841; x_wconf 84' lang='lat' dir='ltr'>ejusmodi</span> <span class='ocrx_word' id='word_1_202' title='bbox 579 2768 718 2837; x_wconf 82' lang='lat' dir='ltr'>Pririlegii</span> <span class='ocrx_word' id='word_1_203' title='bbox 735 2768 869 2822; x_wconf 77' lang='lat' dir='ltr'>concessio</span> <span class='ocrx_word' id='word_1_204' title='bbox 883 2777 934 2832; x_wconf 81' lang='lat' dir='ltr'>est3</span> <span class='ocrx_word' id='word_1_205' title='bbox 951 2771 1002 2824; x_wconf 84' lang='lat' dir='ltr'>Rc-</span> 
     </span>
     <span class='ocr_line' id='line_1_29' title="bbox 233 2853 1002 2924; baseline -0.003 -14"><span class='ocrx_word' id='word_1_206' title='bbox 233 2857 409 2911; x_wconf 79' lang='lat' dir='ltr'>miuseraodae</span> <span class='ocrx_word' id='word_1_207' title='bbox 427 2857 500 2910; x_wconf 88' lang='lat' dir='ltr'>euim</span> <span class='ocrx_word' id='word_1_208' title='bbox 519 2873 609 2910; x_wconf 85' lang='lat' dir='ltr'>eortrm</span> <span class='ocrx_word' id='word_1_209' title='bbox 627 2853 766 2908; x_wconf 76' lang='lat' dir='ltr'>molestiae</span> <span class='ocrx_word' id='word_1_210' title='bbox 783 2863 861 2920; x_wconf 81' lang='grc' dir='ltr'>ιιιιιι,</span> <span class='ocrx_word' id='word_1_211' title='bbox 876 2855 922 2922; x_wconf 91' lang='lat' dir='ltr'>qui</span> <span class='ocrx_word' id='word_1_212' title='bbox 941 2871 1002 2924; x_wconf 88' lang='lat' dir='ltr'>pro·</span> 
     </span>
     <span class='ocr_line' id='line_1_30' title="bbox 233 2939 1000 3014; baseline 0 -18"><span class='ocrx_word' id='word_1_213' title='bbox 233 2955 293 3014; x_wconf 88' lang='lat' dir='ltr'>pter</span> <span class='ocrx_word' id='word_1_214' title='bbox 309 2943 421 2994; x_wconf 86' lang='lat' dir='ltr'>salutem</span> <span class='ocrx_word' id='word_1_215' title='bbox 447 2941 569 3013; x_wconf 78' lang='lat' dir='ltr'>Reipubl.</span> <span class='ocrx_word' id='word_1_216' title='bbox 589 2951 617 2994; x_wconf 88' lang='lat' dir='ltr'>et</span> <span class='ocrx_word' id='word_1_217' title='bbox 635 2942 703 2992; x_wconf 89' lang='lat' dir='ltr'>bona</span> <span class='ocrx_word' id='word_1_218' title='bbox 721 2949 749 2992; x_wconf 90' lang='lat' dir='ltr'>et</span> <span class='ocrx_word' id='word_1_219' title='bbox 765 2955 859 3010; x_wconf 86' lang='lat' dir='ltr'>corpus</span> <span class='ocrx_word' id='word_1_220' title='bbox 883 2939 1000 3007; x_wconf 88' lang='lat' dir='ltr'>periculo</span> 
     </span>
     <span class='ocr_line' id='line_1_31' title="bbox 234 3026 997 3100; baseline -0.001 -18"><span class='ocrx_word' id='word_1_221' title='bbox 234 3038 370 3099; x_wconf 86' lang='lat' dir='ltr'>exponunt</span> <span class='ocrx_word' id='word_1_222' title='bbox 393 3027 625 3098; x_wconf 85' lang='lat' dir='ltr'>praesentissimo.</span> <span class='ocrx_word' id='word_1_223' title='bbox 652 3026 730 3080; x_wconf 85' lang='lat' dir='ltr'>Plura</span> <span class='ocrx_word' id='word_1_224' title='bbox 755 3027 904 3098; x_wconf 81' lang='lat' dir='ltr'>bionopoiii</span> <span class='ocrx_word' id='word_1_225' title='bbox 934 3045 997 3100; x_wconf 92' lang='lat' dir='ltr'>per·</span> 
     </span>
     <span class='ocr_line' id='line_1_32' title="bbox 231 3111 998 3184; baseline -0.004 -19"><span class='ocrx_word' id='word_1_226' title='bbox 231 3113 309 3166; x_wconf 83' lang='lat' dir='ltr'>ruissi</span> <span class='ocrx_word' id='word_1_227' title='bbox 325 3113 443 3182; x_wconf 78' lang='lat' dir='ltr'>exempla</span> <span class='ocrx_word' id='word_1_228' title='bbox 462 3111 490 3164; x_wconf 92' lang='lat' dir='ltr'>in</span> <span class='ocrx_word' id='word_1_229' title='bbox 510 3111 628 3164; x_wconf 85' lang='lat' dir='ltr'>medium</span> <span class='ocrx_word' id='word_1_230' title='bbox 648 3111 763 3184; x_wconf 86' lang='lat' dir='ltr'>proferri</span> <span class='ocrx_word' id='word_1_231' title='bbox 784 3120 908 3183; x_wconf 88' lang='lat' dir='ltr'>possent,</span> <span class='ocrx_word' id='word_1_232' title='bbox 927 3113 950 3166; x_wconf 90' lang='lat' dir='ltr'>si</span> <span class='ocrx_word' id='word_1_233' title='bbox 969 3113 998 3164; x_wconf 89' lang='lat' dir='ltr'>E.</span> 
     </span>
     <span class='ocr_line' id='line_1_33' title="bbox 229 3193 998 3266; baseline 0.001 -17"><span class='ocrx_word' id='word_1_234' title='bbox 229 3197 266 3249; x_wconf 80' lang='lat' dir='ltr'>G.</span> <span class='ocrx_word' id='word_1_235' title='bbox 283 3193 439 3250; x_wconf 68' lang='lat' dir='ltr'>coucedatur</span> <span class='ocrx_word' id='word_1_236' title='bbox 452 3195 541 3261; x_wconf 87' lang='lat' dir='ltr'>alicui,</span> <span class='ocrx_word' id='word_1_237' title='bbox 560 3196 631 3266; x_wconf 83' lang='lat' dir='ltr'>qrsod</span> <span class='ocrx_word' id='word_1_238' title='bbox 650 3206 705 3250; x_wconf 89' lang='lat' dir='ltr'>toto</span> <span class='ocrx_word' id='word_1_239' title='bbox 724 3197 768 3249; x_wconf 88' lang='lat' dir='ltr'>die</span> <span class='ocrx_word' id='word_1_240' title='bbox 788 3195 849 3250; x_wconf 87' lang='lat' dir='ltr'>iieri</span> <span class='ocrx_word' id='word_1_241' title='bbox 868 3196 998 3262; x_wconf 79' lang='lat' dir='ltr'>ridemus,</span> 
     </span>
     <span class='ocr_line' id='line_1_34' title="bbox 230 3280 997 3350; baseline -0.004 -14"><span class='ocrx_word' id='word_1_242' title='bbox 230 3281 279 3336; x_wconf 81' lang='lat' dir='ltr'>soti</span> <span class='ocrx_word' id='word_1_243' title='bbox 299 3281 406 3334; x_wconf 82' lang='lat' dir='ltr'>lieentia</span> <span class='ocrx_word' id='word_1_244' title='bbox 425 3281 524 3334; x_wconf 87' lang='lat' dir='ltr'>librum</span> <span class='ocrx_word' id='word_1_245' title='bbox 550 3283 666 3350; x_wconf 86' lang='lat' dir='ltr'>aliquem</span> <span class='ocrx_word' id='word_1_246' title='bbox 685 3280 756 3334; x_wconf 87' lang='lat' dir='ltr'>intra</span> <span class='ocrx_word' id='word_1_247' title='bbox 775 3280 880 3345; x_wconf 85' lang='lat' dir='ltr'>decem,</span> <span class='ocrx_word' id='word_1_248' title='bbox 899 3282 941 3334; x_wconf 85' lang='lat' dir='ltr'>rei</span> <span class='ocrx_word' id='word_1_249' title='bbox 957 3281 997 3336; x_wconf 88' lang='lat' dir='ltr'>ri-</span> 
     </span>
     <span class='ocr_line' id='line_1_35' title="bbox 228 3365 999 3436; baseline -0.001 -18"><span class='ocrx_word' id='word_1_250' title='bbox 228 3367 299 3435; x_wconf 75' lang='lat' dir='ltr'>ginti</span> <span class='ocrx_word' id='word_1_251' title='bbox 317 3381 415 3428; x_wconf 85' lang='lat' dir='ltr'>annus,</span> <span class='ocrx_word' id='word_1_252' title='bbox 436 3367 525 3436; x_wconf 86' lang='lat' dir='ltr'>praelo</span> <span class='ocrx_word' id='word_1_253' title='bbox 544 3365 722 3436; x_wconf 88' lang='lat' dir='ltr'>subjiciendi,</span> <span class='ocrx_word' id='word_1_254' title='bbox 742 3383 836 3436; x_wconf 66' lang='lat' dir='ltr'>errmqe</span> <span class='ocrx_word' id='word_1_255' title='bbox 858 3366 999 3433; x_wconf 79' lang='lat' dir='ltr'>vendendi,</span> 
     </span>
     <span class='ocr_line' id='line_1_36' title="bbox 229 3450 999 3522; baseline -0.003 -18"><span class='ocrx_word' id='word_1_256' title='bbox 229 3454 263 3504; x_wconf 89' lang='lat' dir='ltr'>ob</span> <span class='ocrx_word' id='word_1_257' title='bbox 282 3451 416 3520; x_wconf 88' lang='lat' dir='ltr'>impensas</span> <span class='ocrx_word' id='word_1_258' title='bbox 433 3451 463 3504; x_wconf 90' lang='lat' dir='ltr'>in</span> <span class='ocrx_word' id='word_1_259' title='bbox 482 3451 560 3504; x_wconf 85' lang='lat' dir='ltr'>illum</span> <span class='ocrx_word' id='word_1_260' title='bbox 575 3450 664 3514; x_wconf 86' lang='lat' dir='ltr'>iactas,</span> <span class='ocrx_word' id='word_1_261' title='bbox 677 3459 727 3502; x_wconf 80' lang='lat' dir='ltr'>ete.</span> <span class='ocrx_word' id='word_1_262' title='bbox 740 3450 773 3503; x_wconf 89' lang='lat' dir='ltr'>de</span> <span class='ocrx_word' id='word_1_263' title='bbox 784 3469 837 3522; x_wconf 88' lang='lat' dir='ltr'>quc</span> <span class='ocrx_word' id='word_1_264' title='bbox 848 3452 901 3503; x_wconf 87' lang='lat' dir='ltr'>Du.</span> <span class='ocrx_word' id='word_1_265' title='bbox 915 3453 999 3504; x_wconf 83' lang='lat' dir='ltr'>Henr.</span> 
     </span>
    </p>

    <p class='ocr_par' dir='ltr' id='par_1_5' title="bbox 215 3534 999 4114">
     <span class='ocr_line' id='line_1_37' title="bbox 215 3534 999 3605; baseline 0.003 -19"><span class='ocrx_word' id='word_1_266' title='bbox 215 3537 317 3605; x_wconf 68' lang='lat' dir='ltr'>,natm</span> <span class='ocrx_word' id='word_1_267' title='bbox 338 3535 475 3590; x_wconf 75' lang='lat' dir='ltr'>Otsuuu</span> <span class='ocrx_word' id='word_1_268' title='bbox 495 3535 533 3590; x_wconf 86' lang='lat' dir='ltr'>ud</span> <span class='ocrx_word' id='word_1_269' title='bbox 556 3534 678 3590; x_wconf 80' lang='lat' dir='ltr'>Wesenb·</span> <span class='ocrx_word' id='word_1_270' title='bbox 692 3535 810 3588; x_wconf 84' lang='lat' dir='ltr'>Purutit.</span> <span class='ocrx_word' id='word_1_271' title='bbox 831 3535 871 3588; x_wconf 86' lang='lat' dir='ltr'>tit.</span> <span class='ocrx_word' id='word_1_272' title='bbox 888 3537 921 3590; x_wconf 89' lang='lat' dir='ltr'>de</span> <span class='ocrx_word' id='word_1_273' title='bbox 940 3541 999 3590; x_wconf 78' lang='lat' dir='ltr'>Ser·</span> 
     </span>
     <span class='ocr_line' id='line_1_38' title="bbox 229 3619 998 3691; baseline 0.001 -19"><span class='ocrx_word' id='word_1_274' title='bbox 229 3621 283 3672; x_wconf 81' lang='lat' dir='ltr'>uis.</span> <span class='ocrx_word' id='word_1_275' title='bbox 307 3632 413 3690; x_wconf 72' lang='lat' dir='ltr'>crpore.</span> <span class='ocrx_word' id='word_1_276' title='bbox 429 3640 457 3691; x_wconf 84' lang='lat' dir='ltr'>p.</span> <span class='ocrx_word' id='word_1_277' title='bbox 478 3638 513 3672; x_wconf 84' lang='lat' dir='ltr'>m·</span> <span class='ocrx_word' id='word_1_278' title='bbox 543 3631 617 3674; x_wconf 82' lang='lat' dir='ltr'>toas.</span> <span class='ocrx_word' id='word_1_279' title='bbox 641 3619 694 3674; x_wconf 85' lang='lat' dir='ltr'>Sed</span> <span class='ocrx_word' id='word_1_280' title='bbox 717 3620 842 3689; x_wconf 88' lang='lat' dir='ltr'>quoniam</span> <span class='ocrx_word' id='word_1_281' title='bbox 868 3621 998 3689; x_wconf 85' lang='lat' dir='ltr'>ejusmodi</span> 
     </span>
     <span class='ocr_line' id='line_1_39' title="bbox 228 3703 999 3776; baseline 0.004 -20"><span class='ocrx_word' id='word_1_282' title='bbox 228 3703 442 3774; x_wconf 81' lang='lat' dir='ltr'>blonopuliurum</span> <span class='ocrx_word' id='word_1_283' title='bbox 460 3705 593 3758; x_wconf 77' lang='lat' dir='ltr'>enarratio</span> <span class='ocrx_word' id='word_1_284' title='bbox 611 3703 740 3776; x_wconf 83' lang='lat' dir='ltr'>prolixior</span> <span class='ocrx_word' id='word_1_285' title='bbox 753 3703 945 3774; x_wconf 89' lang='lat' dir='ltr'>quodammodo</span> <span class='ocrx_word' id='word_1_286' title='bbox 958 3706 999 3760; x_wconf 83' lang='lat' dir='ltr'>fo·</span> 
     </span>
     <span class='ocr_line' id='line_1_40' title="bbox 229 3788 998 3862; baseline 0.004 -19"><span class='ocrx_word' id='word_1_287' title='bbox 229 3799 278 3854; x_wconf 86' lang='lat' dir='ltr'>ret,</span> <span class='ocrx_word' id='word_1_288' title='bbox 298 3797 326 3840; x_wconf 89' lang='lat' dir='ltr'>et</span> <span class='ocrx_word' id='word_1_289' title='bbox 344 3800 448 3859; x_wconf 89' lang='lat' dir='ltr'>praeter</span> <span class='ocrx_word' id='word_1_290' title='bbox 469 3788 643 3856; x_wconf 87' lang='lat' dir='ltr'>institutum,</span> <span class='ocrx_word' id='word_1_291' title='bbox 664 3788 711 3842; x_wconf 89' lang='lat' dir='ltr'>hac</span> <span class='ocrx_word' id='word_1_292' title='bbox 729 3807 809 3861; x_wconf 89' lang='lat' dir='ltr'>opera</span> <span class='ocrx_word' id='word_1_293' title='bbox 827 3789 855 3842; x_wconf 91' lang='lat' dir='ltr'>iu</span> <span class='ocrx_word' id='word_1_294' title='bbox 874 3809 998 3862; x_wconf 89' lang='lat' dir='ltr'>praesens</span> 
     </span>
     <span class='ocr_line' id='line_1_41' title="bbox 229 3872 996 3946; baseline 0.003 -21"><span class='ocrx_word' id='word_1_295' title='bbox 229 3872 996 3946; x_wconf 68' lang='lat' dir='ltr'>supersedebo;poteritta1nenconferririhasrerAEritscb.</span> 
     </span>
     <span class='ocr_line' id='line_1_42' title="bbox 226 3958 997 4029; baseline 0.006 -21"><span class='ocrx_word' id='word_1_296' title='bbox 226 3958 255 4008; x_wconf 89' lang='lat' dir='ltr'>iu</span> <span class='ocrx_word' id='word_1_297' title='bbox 278 3959 385 4013; x_wconf 83' lang='lat' dir='ltr'>Comru.</span> <span class='ocrx_word' id='word_1_298' title='bbox 404 3959 442 4012; x_wconf 89' lang='lat' dir='ltr'>ud</span> <span class='ocrx_word' id='word_1_299' title='bbox 457 3961 490 4012; x_wconf 82' lang='lat' dir='ltr'>L.</span> <span class='ocrx_word' id='word_1_300' title='bbox 513 3963 566 4014; x_wconf 82' lang='lat' dir='ltr'>Uu.</span> <span class='ocrx_word' id='word_1_301' title='bbox 590 3961 624 4014; x_wconf 83' lang='lat' dir='ltr'>C·</span> <span class='ocrx_word' id='word_1_302' title='bbox 648 3959 681 4013; x_wconf 87' lang='lat' dir='ltr'>de</span> <span class='ocrx_word' id='word_1_303' title='bbox 704 3959 846 4029; x_wconf 81' lang='lat' dir='ltr'>Mouopol.</span> <span class='ocrx_word' id='word_1_304' title='bbox 865 3976 888 4010; x_wconf 87' lang='lat' dir='ltr'>c.</span> <span class='ocrx_word' id='word_1_305' title='bbox 910 3970 951 4013; x_wconf 85' lang='lat' dir='ltr'>to.</span> <span class='ocrx_word' id='word_1_306' title='bbox 970 3971 997 4013; x_wconf 85' lang='lat' dir='ltr'>et</span> 
     </span>
     <span class='ocr_line' id='line_1_43' title="bbox 226 4043 695 4114; baseline -0.002 -18"><span class='ocrx_word' id='word_1_307' title='bbox 226 4043 280 4096; x_wconf 69' lang='lat' dir='ltr'>Dd,</span> <span class='ocrx_word' id='word_1_308' title='bbox 298 4045 374 4096; x_wconf 87' lang='lat' dir='ltr'>citati</span> <span class='ocrx_word' id='word_1_309' title='bbox 394 4045 515 4114; x_wconf 86' lang='lat' dir='ltr'>superius</span> <span class='ocrx_word' id='word_1_310' title='bbox 534 4063 557 4098; x_wconf 83' lang='lat' dir='ltr'>c·</span> <span class='ocrx_word' id='word_1_311' title='bbox 579 4055 602 4095; x_wconf 82' lang='grc' dir='ltr'>ι.</span> <span class='ocrx_word' id='word_1_312' title='bbox 622 4061 650 4096; x_wconf 83' lang='grc' dir='ltr'>ιι.</span> <span class='ocrx_word' id='word_1_313' title='bbox 669 4055 695 4096; x_wconf 81' lang='grc' dir='ltr'>ι.</span> 
     </span>
    </p>

    <p class='ocr_par' dir='ltr' id='par_1_6' title="bbox 211 4127 995 5480">
     <span class='ocr_line' id='line_1_44' title="bbox 262 4127 995 4202; baseline 0.004 -22"><span class='ocrx_word' id='word_1_314' title='bbox 262 4129 380 4199; x_wconf 74' lang='lat' dir='ltr'>iuquam</span> <span class='ocrx_word' id='word_1_315' title='bbox 394 4137 481 4182; x_wconf 88' lang='lat' dir='ltr'>autem</span> <span class='ocrx_word' id='word_1_316' title='bbox 495 4130 572 4202; x_wconf 87' lang='lat' dir='ltr'>plane</span> <span class='ocrx_word' id='word_1_317' title='bbox 590 4129 657 4180; x_wconf 87' lang='lat' dir='ltr'>banc</span> <span class='ocrx_word' id='word_1_318' title='bbox 670 4127 703 4180; x_wconf 87' lang='lat' dir='ltr'>de</span> <span class='ocrx_word' id='word_1_319' title='bbox 715 4128 889 4198; x_wconf 85' lang='lat' dir='ltr'>quorumdam</span> <span class='ocrx_word' id='word_1_320' title='bbox 901 4129 995 4183; x_wconf 84' lang='lat' dir='ltr'>biono-</span> 
     </span>
     <span class='ocr_line' id='line_1_45' title="bbox 223 4213 994 4287; baseline -0.001 -18"><span class='ocrx_word' id='word_1_321' title='bbox 223 4215 355 4286; x_wconf 87' lang='lat' dir='ltr'>poliorurn</span> <span class='ocrx_word' id='word_1_322' title='bbox 372 4216 478 4286; x_wconf 86' lang='lat' dir='ltr'>justitia</span> <span class='ocrx_word' id='word_1_323' title='bbox 497 4215 635 4269; x_wconf 80' lang='lat' dir='ltr'>materiam</span> <span class='ocrx_word' id='word_1_324' title='bbox 654 4213 750 4267; x_wconf 81' lang='lat' dir='ltr'>seciam</span> <span class='ocrx_word' id='word_1_325' title='bbox 769 4216 887 4280; x_wconf 84' lang='lat' dir='ltr'>missam,</span> <span class='ocrx_word' id='word_1_326' title='bbox 907 4217 994 4287; x_wconf 80' lang='lat' dir='ltr'>liege-</span> 
     </span>
     <span class='ocr_line' id='line_1_46' title="bbox 223 4298 991 4372; baseline 0.003 -18"><span class='ocrx_word' id='word_1_327' title='bbox 223 4305 276 4356; x_wconf 87' lang='lat' dir='ltr'>lum</span> <span class='ocrx_word' id='word_1_328' title='bbox 297 4303 341 4356; x_wconf 82' lang='lat' dir='ltr'>laic</span> <span class='ocrx_word' id='word_1_329' title='bbox 359 4301 500 4372; x_wconf 77' lang='lat' dir='ltr'>qaumdam</span> <span class='ocrx_word' id='word_1_330' title='bbox 518 4299 641 4371; x_wconf 86' lang='lat' dir='ltr'>Principi</span> <span class='ocrx_word' id='word_1_331' title='bbox 660 4300 690 4352; x_wconf 91' lang='lat' dir='ltr'>in</span> <span class='ocrx_word' id='word_1_332' title='bbox 707 4298 874 4354; x_wconf 86' lang='lat' dir='ltr'>concedendo</span> <span class='ocrx_word' id='word_1_333' title='bbox 896 4304 991 4356; x_wconf 84' lang='lat' dir='ltr'>Mono-</span> 
     </span>
     <span class='ocr_line' id='line_1_47' title="bbox 223 4385 992 4460; baseline 0.003 -22"><span class='ocrx_word' id='word_1_334' title='bbox 223 4387 288 4460; x_wconf 87' lang='lat' dir='ltr'>polii</span> <span class='ocrx_word' id='word_1_335' title='bbox 307 4386 448 4459; x_wconf 72' lang='lat' dir='ltr'>privilegio</span> <span class='ocrx_word' id='word_1_336' title='bbox 466 4385 657 4438; x_wconf 74' lang='lat' dir='ltr'>observandam</span> <span class='ocrx_word' id='word_1_337' title='bbox 683 4403 815 4458; x_wconf 82' lang='lat' dir='ltr'>apponere</span> <span class='ocrx_word' id='word_1_338' title='bbox 839 4387 992 4440; x_wconf 79' lang='lat' dir='ltr'>allubescit:</span> 
     </span>
     <span class='ocr_line' id='line_1_48' title="bbox 221 4469 991 4542; baseline -0.001 -18"><span class='ocrx_word' id='word_1_339' title='bbox 221 4491 300 4542; x_wconf 84' lang='lat' dir='ltr'>quam</span> <span class='ocrx_word' id='word_1_340' title='bbox 319 4471 401 4525; x_wconf 88' lang='lat' dir='ltr'>tradit</span> <span class='ocrx_word' id='word_1_341' title='bbox 422 4470 521 4524; x_wconf 81' lang='lat' dir='ltr'>Lndor.</span> <span class='ocrx_word' id='word_1_342' title='bbox 542 4470 645 4523; x_wconf 86' lang='lat' dir='ltr'>llloliua</span> <span class='ocrx_word' id='word_1_343' title='bbox 664 4469 698 4522; x_wconf 85' lang='lat' dir='ltr'>de</span> <span class='ocrx_word' id='word_1_344' title='bbox 717 4472 783 4524; x_wconf 65' lang='grc' dir='ltr'>,Ιιιιι</span> <span class='ocrx_word' id='word_1_345' title='bbox 810 4473 878 4523; x_wconf 83' lang='lat' dir='ltr'>etl·</span> <span class='ocrx_word' id='word_1_346' title='bbox 902 4472 991 4525; x_wconf 84' lang='lat' dir='ltr'>Troct.</span> 
     </span>
     <span class='ocr_line' id='line_1_49' title="bbox 222 4555 994 4626; baseline 0.005 -18"><span class='ocrx_word' id='word_1_347' title='bbox 222 4569 246 4610; x_wconf 84' lang='grc' dir='ltr'>ι.</span> <span class='ocrx_word' id='word_1_348' title='bbox 265 4557 341 4626; x_wconf 64' lang='lat' dir='ltr'>Diem</span> <span class='ocrx_word' id='word_1_349' title='bbox 362 4568 421 4610; x_wconf 76' lang='grc' dir='ltr'>ιιι.</span> <span class='ocrx_word' id='word_1_350' title='bbox 441 4577 470 4610; x_wconf 86' lang='lat' dir='ltr'>u.</span> <span class='ocrx_word' id='word_1_351' title='bbox 488 4572 514 4610; x_wconf 76' lang='grc' dir='ltr'>ι.</span> <span class='ocrx_word' id='word_1_352' title='bbox 531 4556 577 4610; x_wconf 87' lang='lat' dir='ltr'>ubi</span> <span class='ocrx_word' id='word_1_353' title='bbox 597 4555 680 4610; x_wconf 74' lang='lat' dir='ltr'>dicits</span> <span class='ocrx_word' id='word_1_354' title='bbox 695 4555 845 4626; x_wconf 78' lang='lat' dir='ltr'>Prioilegiu</span> <span class='ocrx_word' id='word_1_355' title='bbox 860 4555 994 4625; x_wconf 78' lang='lat' dir='ltr'>ejusmodi</span> 
     </span>
     <span class='ocr_line' id='line_1_50' title="bbox 220 4637 992 4710; baseline -0.004 -18"><span class='ocrx_word' id='word_1_356' title='bbox 220 4651 284 4694; x_wconf 86' lang='lat' dir='ltr'>tuuc</span> <span class='ocrx_word' id='word_1_357' title='bbox 296 4641 376 4694; x_wconf 85' lang='lat' dir='ltr'>licere</span> <span class='ocrx_word' id='word_1_358' title='bbox 390 4638 547 4706; x_wconf 75' lang='lat' dir='ltr'>concedere,</span> <span class='ocrx_word' id='word_1_359' title='bbox 559 4639 671 4710; x_wconf 73' lang='lat' dir='ltr'>quotide</span> <span class='ocrx_word' id='word_1_360' title='bbox 684 4637 713 4690; x_wconf 88' lang='lat' dir='ltr'>id</span> <span class='ocrx_word' id='word_1_361' title='bbox 722 4637 846 4706; x_wconf 77' lang='lat' dir='ltr'>postulet</span> <span class='ocrx_word' id='word_1_362' title='bbox 858 4647 931 4690; x_wconf 88' lang='lat' dir='ltr'>rectu</span> <span class='ocrx_word' id='word_1_363' title='bbox 946 4656 992 4689; x_wconf 88' lang='lat' dir='ltr'>ro·</span> 
     </span>
     <span class='ocr_line' id='line_1_51' title="bbox 220 4721 991 4792; baseline -0.005 -14"><span class='ocrx_word' id='word_1_364' title='bbox 220 4727 269 4792; x_wconf 88' lang='lat' dir='ltr'>tio,</span> <span class='ocrx_word' id='word_1_365' title='bbox 287 4745 321 4780; x_wconf 87' lang='lat' dir='ltr'>uc</span> <span class='ocrx_word' id='word_1_366' title='bbox 340 4725 614 4788; x_wconf 76' lang='lat' dir='ltr'>commutacionem,</span> <span class='ocrx_word' id='word_1_367' title='bbox 634 4721 746 4776; x_wconf 86' lang='lat' dir='ltr'>utteutis</span> <span class='ocrx_word' id='word_1_368' title='bbox 763 4731 845 4792; x_wconf 78' lang='lat' dir='ltr'>utque</span> <span class='ocrx_word' id='word_1_369' title='bbox 864 4722 991 4791; x_wconf 74' lang='lat' dir='ltr'>expensis</span> 
     </span>
     <span class='ocr_line' id='line_1_52' title="bbox 218 4803 986 4877; baseline -0.01 -12"><span class='ocrx_word' id='word_1_370' title='bbox 218 4811 429 4866; x_wconf 72' lang='lat' dir='ltr'>circumstantiis</span> <span class='ocrx_word' id='word_1_371' title='bbox 447 4809 583 4872; x_wconf 76' lang='lat' dir='ltr'>omuibus,</span> <span class='ocrx_word' id='word_1_372' title='bbox 595 4817 653 4860; x_wconf 89' lang='lat' dir='ltr'>tum</span> <span class='ocrx_word' id='word_1_373' title='bbox 667 4825 704 4861; x_wconf 72' lang='lat' dir='ltr'>ecc</span> <span class='ocrx_word' id='word_1_374' title='bbox 714 4815 793 4877; x_wconf 84' lang='lat' dir='ltr'>purte</span> <span class='ocrx_word' id='word_1_375' title='bbox 809 4803 986 4871; x_wconf 84' lang='lat' dir='ltr'>subditorum,</span> 
     </span>
     <span class='ocr_line' id='line_1_53' title="bbox 217 4889 989 4967; baseline -0.008 -17"><span class='ocrx_word' id='word_1_376' title='bbox 217 4915 300 4967; x_wconf 73' lang='lat' dir='ltr'>quum</span> <span class='ocrx_word' id='word_1_377' title='bbox 317 4917 354 4950; x_wconf 79' lang='lat' dir='ltr'>ece</span> <span class='ocrx_word' id='word_1_378' title='bbox 371 4907 450 4967; x_wconf 85' lang='lat' dir='ltr'>porte</span> <span class='ocrx_word' id='word_1_379' title='bbox 467 4895 559 4966; x_wconf 76' lang='lat' dir='ltr'>Regis,</span> <span class='ocrx_word' id='word_1_380' title='bbox 578 4906 659 4966; x_wconf 80' lang='lat' dir='ltr'>utque</span> <span class='ocrx_word' id='word_1_381' title='bbox 677 4892 797 4955; x_wconf 83' lang='lat' dir='ltr'>illorum,</span> <span class='ocrx_word' id='word_1_382' title='bbox 810 4889 906 4960; x_wconf 84' lang='lat' dir='ltr'>quibus</span> <span class='ocrx_word' id='word_1_383' title='bbox 923 4909 989 4944; x_wconf 86' lang='lat' dir='ltr'>eon-</span> 
     </span>
     <span class='ocr_line' id='line_1_54' title="bbox 218 4977 987 5052; baseline -0.005 -20"><span class='ocrx_word' id='word_1_384' title='bbox 218 4979 367 5045; x_wconf 51' lang='lat' dir='ltr'>cedente&amp;</span> <span class='ocrx_word' id='word_1_385' title='bbox 385 4983 524 5052; x_wconf 78' lang='lat' dir='ltr'>Simulque</span> <span class='ocrx_word' id='word_1_386' title='bbox 543 4991 656 5045; x_wconf 85' lang='lat' dir='ltr'>attento,</span> <span class='ocrx_word' id='word_1_387' title='bbox 672 4989 701 5033; x_wconf 87' lang='grc' dir='ltr'>ιιι</span> <span class='ocrx_word' id='word_1_388' title='bbox 714 4977 897 5032; x_wconf 76' lang='lat' dir='ltr'>subveniendo</span> <span class='ocrx_word' id='word_1_389' title='bbox 915 4995 987 5031; x_wconf 81' lang='lat' dir='ltr'>coru-</span> 
     </span>
     <span class='ocr_line' id='line_1_55' title="bbox 218 5063 986 5138; baseline -0.001 -24"><span class='ocrx_word' id='word_1_390' title='bbox 218 5065 297 5116; x_wconf 80' lang='lat' dir='ltr'>muni</span> <span class='ocrx_word' id='word_1_391' title='bbox 311 5065 384 5119; x_wconf 85' lang='lat' dir='ltr'>douo</span> <span class='ocrx_word' id='word_1_392' title='bbox 403 5064 573 5138; x_wconf 78' lang='lat' dir='ltr'>quoudfieri</span> <span class='ocrx_word' id='word_1_393' title='bbox 586 5065 681 5134; x_wconf 84' lang='lat' dir='ltr'>possit,</span> <span class='ocrx_word' id='word_1_394' title='bbox 695 5083 751 5116; x_wconf 84' lang='lat' dir='ltr'>uon</span> <span class='ocrx_word' id='word_1_395' title='bbox 767 5063 853 5132; x_wconf 75' lang='lat' dir='ltr'>magis</span> <span class='ocrx_word' id='word_1_396' title='bbox 869 5081 986 5134; x_wconf 74' lang='lat' dir='ltr'>gruere·</span> 
     </span>
     <span class='ocr_line' id='line_1_56' title="bbox 217 5147 989 5222; baseline -0.001 -22"><span class='ocrx_word' id='word_1_397' title='bbox 217 5159 263 5200; x_wconf 83' lang='lat' dir='ltr'>tur</span> <span class='ocrx_word' id='word_1_398' title='bbox 278 5151 412 5219; x_wconf 82' lang='lat' dir='ltr'>quaedum</span> <span class='ocrx_word' id='word_1_399' title='bbox 430 5151 509 5222; x_wconf 79' lang='lat' dir='ltr'>lleip·</span> <span class='ocrx_word' id='word_1_400' title='bbox 525 5161 626 5220; x_wconf 84' lang='lat' dir='ltr'>partes,</span> <span class='ocrx_word' id='word_1_401' title='bbox 641 5167 723 5220; x_wconf 71' lang='lat' dir='ltr'>qurum</span> <span class='ocrx_word' id='word_1_402' title='bbox 737 5148 940 5218; x_wconf 67' lang='lat' dir='ltr'>adaequando</span> <span class='ocrx_word' id='word_1_403' title='bbox 951 5147 989 5199; x_wconf 89' lang='lat' dir='ltr'>ud</span> 
     </span>
     <span class='ocr_line' id='line_1_57' title="bbox 216 5233 986 5307; baseline 0.004 -23"><span class='ocrx_word' id='word_1_404' title='bbox 216 5251 311 5285; x_wconf 85' lang='lat' dir='ltr'>omnes</span> <span class='ocrx_word' id='word_1_405' title='bbox 329 5236 481 5307; x_wconf 78' lang='lat' dir='ltr'>aeqrruliter</span> <span class='ocrx_word' id='word_1_406' title='bbox 491 5234 632 5290; x_wconf 78' lang='lat' dir='ltr'>subuenire</span> <span class='ocrx_word' id='word_1_407' title='bbox 645 5235 688 5287; x_wconf 88' lang='lat' dir='ltr'>illi</span> <span class='ocrx_word' id='word_1_408' title='bbox 697 5244 812 5304; x_wconf 61' lang='lat' dir='ltr'>spectum</span> <span class='ocrx_word' id='word_1_409' title='bbox 823 5233 856 5285; x_wconf 82' lang='lat' dir='ltr'>Et</span> <span class='ocrx_word' id='word_1_410' title='bbox 871 5235 897 5286; x_wconf 89' lang='lat' dir='ltr'>in</span> <span class='ocrx_word' id='word_1_411' title='bbox 913 5253 986 5305; x_wconf 79' lang='lat' dir='ltr'>prae·</span> 
     </span>
     <span class='ocr_line' id='line_1_58' title="bbox 217 5315 987 5392; baseline -0.001 -24"><span class='ocrx_word' id='word_1_412' title='bbox 217 5315 371 5370; x_wconf 70' lang='lat' dir='ltr'>cellentibus</span> <span class='ocrx_word' id='word_1_413' title='bbox 396 5321 474 5372; x_wconf 87' lang='lat' dir='ltr'>dicit:</span> <span class='ocrx_word' id='word_1_414' title='bbox 496 5323 597 5392; x_wconf 76' lang='lat' dir='ltr'>Regem</span> <span class='ocrx_word' id='word_1_415' title='bbox 618 5331 682 5372; x_wconf 86' lang='lat' dir='ltr'>tuuc</span> <span class='ocrx_word' id='word_1_416' title='bbox 701 5339 718 5371; x_wconf 87' lang='lat' dir='ltr'>o</span> <span class='ocrx_word' id='word_1_417' title='bbox 735 5329 846 5390; x_wconf 83' lang='lat' dir='ltr'>percute</span> <span class='ocrx_word' id='word_1_418' title='bbox 873 5331 987 5372; x_wconf 74' lang='lat' dir='ltr'>excusat</span> 
     </span>
     <span class='ocr_line' id='line_1_59' title="bbox 211 5403 982 5480; baseline -0.003 -25"><span class='ocrx_word' id='word_1_419' title='bbox 211 5403 319 5472; x_wconf 78' lang='lat' dir='ltr'>publicu</span> <span class='ocrx_word' id='word_1_420' title='bbox 338 5407 491 5468; x_wconf 77' lang='lat' dir='ltr'>arcessitus,</span> <span class='ocrx_word' id='word_1_421' title='bbox 510 5407 538 5460; x_wconf 87' lang='lat' dir='ltr'>in</span> <span class='ocrx_word' id='word_1_422' title='bbox 558 5427 612 5480; x_wconf 76' lang='lat' dir='ltr'>que</span> <span class='ocrx_word' id='word_1_423' title='bbox 632 5416 679 5472; x_wconf 84' lang='lat' dir='ltr'>est,</span> <span class='ocrx_word' id='word_1_424' title='bbox 699 5417 724 5459; x_wconf 88' lang='lat' dir='ltr'>et</span> <span class='ocrx_word' id='word_1_425' title='bbox 744 5407 909 5457; x_wconf 81' lang='lat' dir='ltr'>Mercatores</span> <span class='ocrx_word' id='word_1_426' title='bbox 925 5403 970 5474; x_wconf 81' lang='lat' dir='ltr'>pri</span> <span class='ocrx_word' id='word_1_427' title='bbox 977 5433 982 5442; x_wconf 89' lang='lat'>-</span> 
     </span>
    </p>

    <p class='ocr_par' dir='ltr' id='par_1_7' title="bbox 287 5489 523 5561">
     <span class='ocr_line' id='line_1_60' title="bbox 287 5489 523 5561; baseline 0 -17"><span class='ocrx_word' id='word_1_428' title='bbox 287 5489 395 5561; x_wconf 75' lang='lat' dir='ltr'>dtrytii</span> <span class='ocrx_word' id='word_1_429' title='bbox 416 5492 479 5543; x_wconf 80' lang='lat' dir='ltr'>t&#39;ot.</span> <span class='ocrx_word' id='word_1_430' title='bbox 501 5495 523 5544; x_wconf 88' lang='grc'>1.</span> 
     </span>
    </p>
   </div>
   <div class='ocr_carea' id='block_1_4' title="bbox 578 468 1466 544">
    <p class='ocr_par' dir='ltr' id='par_1_8' title="bbox 578 468 1466 544">
     <span class='ocr_line' id='line_1_61' title="bbox 578 468 1466 544; baseline -0.001 -14"><span class='ocrx_word' id='word_1_431' title='bbox 578 475 627 530; x_wconf 84' lang='lat' dir='ltr'>DE</span> <span class='ocrx_word' id='word_1_432' title='bbox 645 475 722 538; x_wconf 74' lang='lat'>1115,</span> <span class='ocrx_word' id='word_1_433' title='bbox 743 474 806 544; x_wconf 71' lang='lat' dir='ltr'>Qut</span> <span class='ocrx_word' id='word_1_434' title='bbox 825 468 1137 528; x_wconf 63' lang='lat' dir='ltr'>DbllelellldTUbi</span> <span class='ocrx_word' id='word_1_435' title='bbox 1156 469 1229 526; x_wconf 68' lang='lat' dir='ltr'>NON</span> <span class='ocrx_word' id='word_1_436' title='bbox 1249 469 1466 529; x_wconf 66' lang='lat' dir='ltr'>medenent-</span> 
     </span>
    </p>
   </div>
   <div class='ocr_carea' id='block_1_5' title="bbox 1721 495 1769 530">
    <p class='ocr_par' dir='ltr' id='par_1_9' title="bbox 1721 495 1769 530">
     <span class='ocr_line' id='line_1_62' title="bbox 1721 495 1769 530; baseline 0 0"><span class='ocrx_word' id='word_1_437' title='bbox 1721 495 1769 530; x_wconf 87' lang='lat' dir='ltr'>too</span> 
     </span>
    </p>
   </div>
   <div class='ocr_carea' id='block_1_6' title="bbox 1059 565 1841 958">
    <p class='ocr_par' dir='ltr' id='par_1_10' title="bbox 1059 565 1841 958">
     <span class='ocr_line' id='line_1_63' title="bbox 1061 565 1841 646; baseline 0.021 -28"><span class='ocrx_word' id='word_1_438' title='bbox 1061 565 1190 634; x_wconf 81' lang='lat' dir='ltr'>vilegium</span> <span class='ocrx_word' id='word_1_439' title='bbox 1197 566 1216 636; x_wconf 85' lang='lat' dir='ltr'>J&#39;</span> <span class='ocrx_word' id='word_1_440' title='bbox 1231 578 1274 618; x_wconf 84' lang='lat' dir='ltr'>stu</span> <span class='ocrx_word' id='word_1_441' title='bbox 1288 568 1320 618; x_wconf 89' lang='lat' dir='ltr'>de</span> <span class='ocrx_word' id='word_1_442' title='bbox 1333 585 1416 622; x_wconf 78' lang='lat' dir='ltr'>curuo</span> <span class='ocrx_word' id='word_1_443' title='bbox 1428 568 1482 622; x_wconf 81' lang='lat' dir='ltr'>illis</span> <span class='ocrx_word' id='word_1_444' title='bbox 1493 586 1658 626; x_wconf 82' lang='lat' dir='ltr'>concessum·</span> <span class='ocrx_word' id='word_1_445' title='bbox 1686 573 1767 630; x_wconf 76' lang='lat' dir='ltr'>Carute</span> <span class='ocrx_word' id='word_1_446' title='bbox 1780 595 1841 646; x_wconf 80' lang='lat' dir='ltr'>ergo</span> 
     </span>
     <span class='ocr_line' id='line_1_64' title="bbox 1061 652 1835 731; baseline 0.016 -27"><span class='ocrx_word' id='word_1_447' title='bbox 1061 652 1089 704; x_wconf 91' lang='lat' dir='ltr'>in</span> <span class='ocrx_word' id='word_1_448' title='bbox 1108 652 1156 705; x_wconf 89' lang='lat' dir='ltr'>hoc</span> <span class='ocrx_word' id='word_1_449' title='bbox 1175 671 1252 724; x_wconf 84' lang='lat' dir='ltr'>passu</span> <span class='ocrx_word' id='word_1_450' title='bbox 1269 655 1398 724; x_wconf 84' lang='lat' dir='ltr'>agendum</span> <span class='ocrx_word' id='word_1_451' title='bbox 1420 658 1538 727; x_wconf 88' lang='lat' dir='ltr'>Principi</span> <span class='ocrx_word' id='word_1_452' title='bbox 1559 669 1616 722; x_wconf 84' lang='lat' dir='ltr'>est,</span> <span class='ocrx_word' id='word_1_453' title='bbox 1636 677 1670 712; x_wconf 88' lang='lat' dir='ltr'>ue</span> <span class='ocrx_word' id='word_1_454' title='bbox 1689 663 1835 731; x_wconf 86' lang='lat' dir='ltr'>publicam,</span> 
     </span>
     <span class='ocr_line' id='line_1_65' title="bbox 1059 737 1835 812; baseline 0.013 -25"><span class='ocrx_word' id='word_1_455' title='bbox 1059 754 1137 805; x_wconf 88' lang='lat' dir='ltr'>quam</span> <span class='ocrx_word' id='word_1_456' title='bbox 1155 737 1352 808; x_wconf 87' lang='lat' dir='ltr'>praetendobat,</span> <span class='ocrx_word' id='word_1_457' title='bbox 1367 739 1512 792; x_wconf 89' lang='lat' dir='ltr'>utilitatem</span> <span class='ocrx_word' id='word_1_458' title='bbox 1526 742 1554 792; x_wconf 91' lang='lat' dir='ltr'>in</span> <span class='ocrx_word' id='word_1_459' title='bbox 1567 745 1693 812; x_wconf 85' lang='lat' dir='ltr'>privatam</span> <span class='ocrx_word' id='word_1_460' title='bbox 1709 761 1835 797; x_wconf 87' lang='lat' dir='ltr'>commu·</span> 
     </span>
     <span class='ocr_line' id='line_1_66' title="bbox 1059 819 1829 892; baseline 0.014 -23"><span class='ocrx_word' id='word_1_461' title='bbox 1059 827 1112 881; x_wconf 89' lang='lat' dir='ltr'>tet,</span> <span class='ocrx_word' id='word_1_462' title='bbox 1131 819 1201 888; x_wconf 91' lang='lat' dir='ltr'>qnod</span> <span class='ocrx_word' id='word_1_463' title='bbox 1225 821 1313 891; x_wconf 87' lang='lat' dir='ltr'>ipsum</span> <span class='ocrx_word' id='word_1_464' title='bbox 1331 834 1469 892; x_wconf 80' lang='lat' dir='ltr'>exaggerat</span> <span class='ocrx_word' id='word_1_465' title='bbox 1486 825 1585 878; x_wconf 86' lang='lat' dir='ltr'>acriter</span> <span class='ocrx_word' id='word_1_466' title='bbox 1603 825 1693 880; x_wconf 77' lang='lat' dir='ltr'>liber.</span> <span class='ocrx_word' id='word_1_467' title='bbox 1714 829 1829 882; x_wconf 85' lang='lat' dir='ltr'>Decian.</span> 
     </span>
     <span class='ocr_line' id='line_1_67' title="bbox 1059 903 1392 958; baseline 0 -2"><span class='ocrx_word' id='word_1_468' title='bbox 1059 903 1085 956; x_wconf 83' lang='lat' dir='ltr'>d·</span> <span class='ocrx_word' id='word_1_469' title='bbox 1103 903 1149 956; x_wconf 85' lang='lat' dir='ltr'>lid.</span> <span class='ocrx_word' id='word_1_470' title='bbox 1169 915 1192 954; x_wconf 83' lang='grc' dir='ltr'>ι.</span> <span class='ocrx_word' id='word_1_471' title='bbox 1212 921 1234 958; x_wconf 83' lang='lat' dir='ltr'>c·</span> <span class='ocrx_word' id='word_1_472' title='bbox 1255 915 1298 956; x_wconf 78' lang='lat' dir='ltr'>at.</span> <span class='ocrx_word' id='word_1_473' title='bbox 1316 925 1344 958; x_wconf 88' lang='lat' dir='ltr'>u.</span> <span class='ocrx_word' id='word_1_474' title='bbox 1369 918 1392 956; x_wconf 77' lang='grc' dir='ltr'>ι.</span> 
     </span>
    </p>
   </div>
   <div class='ocr_carea' id='block_1_7' title="bbox 1055 985 1843 1994">
    <p class='ocr_par' dir='ltr' id='par_1_11' title="bbox 1055 985 1843 1994">
     <span class='ocr_line' id='line_1_68' title="bbox 1097 985 1825 1062; baseline 0.019 -26"><span class='ocrx_word' id='word_1_475' title='bbox 1097 985 1149 1040; x_wconf 84' lang='lat' dir='ltr'>Sed</span> <span class='ocrx_word' id='word_1_476' title='bbox 1161 987 1195 1040; x_wconf 93' lang='lat' dir='ltr'>ad</span> <span class='ocrx_word' id='word_1_477' title='bbox 1208 988 1385 1043; x_wconf 80' lang='lat' dir='ltr'>Dardanarios</span> <span class='ocrx_word' id='word_1_478' title='bbox 1405 1000 1530 1053; x_wconf 77' lang='lat' dir='ltr'>seuerior,</span> <span class='ocrx_word' id='word_1_479' title='bbox 1544 992 1713 1062; x_wconf 86' lang='lat' dir='ltr'>inquirendo,</span> <span class='ocrx_word' id='word_1_480' title='bbox 1737 1013 1825 1052; x_wconf 83' lang='lat' dir='ltr'>annon</span> 
     </span>
     <span class='ocr_line' id='line_1_69' title="bbox 1058 1075 1832 1150; baseline 0.01 -24"><span class='ocrx_word' id='word_1_481' title='bbox 1058 1075 1166 1144; x_wconf 85' lang='lat' dir='ltr'>quidam</span> <span class='ocrx_word' id='word_1_482' title='bbox 1185 1077 1272 1147; x_wconf 80' lang='lat' dir='ltr'>priano</span> <span class='ocrx_word' id='word_1_483' title='bbox 1291 1077 1391 1130; x_wconf 91' lang='lat' dir='ltr'>intuitu</span> <span class='ocrx_word' id='word_1_484' title='bbox 1412 1080 1634 1134; x_wconf 82' lang='lat' dir='ltr'>Dardanariorutn</span> <span class='ocrx_word' id='word_1_485' title='bbox 1659 1082 1767 1150; x_wconf 77' lang='lat' dir='ltr'>genium</span> <span class='ocrx_word' id='word_1_486' title='bbox 1789 1085 1832 1135; x_wconf 88' lang='lat' dir='ltr'>in·</span> 
     </span>
     <span class='ocr_line' id='line_1_70' title="bbox 1058 1159 1825 1232; baseline 0.013 -22"><span class='ocrx_word' id='word_1_487' title='bbox 1058 1159 1148 1212; x_wconf 88' lang='lat' dir='ltr'>duisse</span> <span class='ocrx_word' id='word_1_488' title='bbox 1167 1161 1314 1227; x_wconf 87' lang='lat' dir='ltr'>videantur,</span> <span class='ocrx_word' id='word_1_489' title='bbox 1333 1165 1380 1232; x_wconf 92' lang='lat' dir='ltr'>qui</span> <span class='ocrx_word' id='word_1_490' title='bbox 1401 1173 1498 1227; x_wconf 67' lang='lat' dir='ltr'>nmen,</span> <span class='ocrx_word' id='word_1_491' title='bbox 1518 1165 1542 1217; x_wconf 88' lang='lat' dir='ltr'>si</span> <span class='ocrx_word' id='word_1_492' title='bbox 1559 1167 1717 1219; x_wconf 80' lang='lat' dir='ltr'>accuratiori</span> <span class='ocrx_word' id='word_1_493' title='bbox 1735 1168 1825 1220; x_wconf 86' lang='lat' dir='ltr'>oculo·</span> 
     </span>
     <span class='ocr_line' id='line_1_71' title="bbox 1058 1244 1829 1317; baseline 0.009 -22"><span class='ocrx_word' id='word_1_494' title='bbox 1058 1261 1117 1296; x_wconf 90' lang='lat' dir='ltr'>rum</span> <span class='ocrx_word' id='word_1_495' title='bbox 1134 1244 1190 1298; x_wconf 86' lang='lat' dir='ltr'>acie</span> <span class='ocrx_word' id='word_1_496' title='bbox 1208 1247 1412 1317; x_wconf 86' lang='lat' dir='ltr'>perspiciantur,</span> <span class='ocrx_word' id='word_1_497' title='bbox 1426 1248 1458 1300; x_wconf 87' lang='lat' dir='ltr'>ab</span> <span class='ocrx_word' id='word_1_498' title='bbox 1471 1248 1505 1301; x_wconf 93' lang='lat' dir='ltr'>iis</span> <span class='ocrx_word' id='word_1_499' title='bbox 1517 1249 1572 1300; x_wconf 92' lang='lat' dir='ltr'>sint</span> <span class='ocrx_word' id='word_1_500' title='bbox 1584 1249 1755 1302; x_wconf 82' lang='lat' dir='ltr'>alienissimi·</span> <span class='ocrx_word' id='word_1_501' title='bbox 1770 1252 1829 1302; x_wconf 87' lang='lat' dir='ltr'>Me·</span> 
     </span>
     <span class='ocr_line' id='line_1_72' title="bbox 1060 1329 1843 1400; baseline 0.005 -20"><span class='ocrx_word' id='word_1_502' title='bbox 1060 1329 1141 1382; x_wconf 89' lang='lat' dir='ltr'>minit</span> <span class='ocrx_word' id='word_1_503' title='bbox 1158 1331 1331 1400; x_wconf 86' lang='lat' dir='ltr'>quorumdam</span> <span class='ocrx_word' id='word_1_504' title='bbox 1350 1332 1442 1384; x_wconf 83' lang='lat' dir='ltr'>Jacob.</span> <span class='ocrx_word' id='word_1_505' title='bbox 1455 1331 1542 1400; x_wconf 76' lang='lat' dir='ltr'>Cujac.</span> <span class='ocrx_word' id='word_1_506' title='bbox 1561 1331 1608 1386; x_wconf 84' lang='lat' dir='ltr'>lid·</span> <span class='ocrx_word' id='word_1_507' title='bbox 1631 1345 1669 1385; x_wconf 88' lang='lat' dir='ltr'>tn.</span> <span class='ocrx_word' id='word_1_508' title='bbox 1692 1332 1843 1386; x_wconf 74' lang='lat' dir='ltr'>Observat-</span> 
     </span>
     <span class='ocr_line' id='line_1_73' title="bbox 1056 1413 1829 1484; baseline 0.005 -22"><span class='ocrx_word' id='word_1_509' title='bbox 1056 1427 1079 1462; x_wconf 85' lang='grc' dir='ltr'>ε.</span> <span class='ocrx_word' id='word_1_510' title='bbox 1103 1422 1142 1462; x_wconf 85' lang='lat' dir='ltr'>rs.</span> <span class='ocrx_word' id='word_1_511' title='bbox 1159 1413 1223 1480; x_wconf 74' lang='lat' dir='ltr'>&#39;quus</span> <span class='ocrx_word' id='word_1_512' title='bbox 1241 1413 1337 1480; x_wconf 85' lang='lat' dir='ltr'>ejectos</span> <span class='ocrx_word' id='word_1_513' title='bbox 1354 1413 1494 1484; x_wconf 84' lang='lat' dir='ltr'>aliquando</span> <span class='ocrx_word' id='word_1_514' title='bbox 1511 1414 1590 1480; x_wconf 92' lang='lat' dir='ltr'>urbe,</span> <span class='ocrx_word' id='word_1_515' title='bbox 1609 1423 1746 1470; x_wconf 78' lang='lat' dir='ltr'>reuocatos</span> <span class='ocrx_word' id='word_1_516' title='bbox 1771 1430 1829 1467; x_wconf 86' lang='lat' dir='ltr'>esse</span> 
     </span>
     <span class='ocr_line' id='line_1_74' title="bbox 1056 1495 1826 1567; baseline 0.008 -19"><span class='ocrx_word' id='word_1_517' title='bbox 1056 1505 1252 1562; x_wconf 87' lang='lat' dir='ltr'>commemorat,</span> <span class='ocrx_word' id='word_1_518' title='bbox 1273 1515 1319 1567; x_wconf 90' lang='lat' dir='ltr'>per</span> <span class='ocrx_word' id='word_1_519' title='bbox 1339 1495 1475 1551; x_wconf 79' lang='lat' dir='ltr'>Nouellum</span> <span class='ocrx_word' id='word_1_520' title='bbox 1495 1499 1676 1552; x_wconf 81' lang='lat' dir='ltr'>Valentiniani</span> <span class='ocrx_word' id='word_1_521' title='bbox 1694 1501 1727 1552; x_wconf 85' lang='lat' dir='ltr'>de</span> <span class='ocrx_word' id='word_1_522' title='bbox 1745 1503 1826 1553; x_wconf 83' lang='lat' dir='ltr'>Pau·</span> 
     </span>
     <span class='ocr_line' id='line_1_75' title="bbox 1056 1583 1827 1655; baseline 0.005 -21"><span class='ocrx_word' id='word_1_523' title='bbox 1056 1583 1155 1655; x_wconf 81' lang='lat' dir='ltr'>tepolis</span> <span class='ocrx_word' id='word_1_524' title='bbox 1174 1585 1213 1638; x_wconf 88' lang='lat' dir='ltr'>ud</span> <span class='ocrx_word' id='word_1_525' title='bbox 1228 1586 1320 1638; x_wconf 83' lang='lat' dir='ltr'>urbem</span> <span class='ocrx_word' id='word_1_526' title='bbox 1338 1585 1510 1650; x_wconf 78' lang='lat' dir='ltr'>revocandis,</span> <span class='ocrx_word' id='word_1_527' title='bbox 1524 1584 1567 1638; x_wconf 90' lang='lat' dir='ltr'>bis</span> <span class='ocrx_word' id='word_1_528' title='bbox 1581 1586 1680 1640; x_wconf 80' lang='lat' dir='ltr'>verbis:</span> <span class='ocrx_word' id='word_1_529' title='bbox 1701 1587 1827 1640; x_wconf 84' lang='lat' dir='ltr'>Graecos</span> 
     </span>
     <span class='ocr_line' id='line_1_76' title="bbox 1056 1667 1828 1742; baseline 0.01 -24"><span class='ocrx_word' id='word_1_530' title='bbox 1056 1667 1252 1735; x_wconf 72' lang='lat' dir='ltr'>negotiatores,</span> <span class='ocrx_word' id='word_1_531' title='bbox 1272 1687 1340 1740; x_wconf 81' lang='lat' dir='ltr'>quos</span> <span class='ocrx_word' id='word_1_532' title='bbox 1358 1671 1535 1738; x_wconf 79' lang='lat' dir='ltr'>Puutupulur</span> <span class='ocrx_word' id='word_1_533' title='bbox 1554 1670 1663 1735; x_wconf 88' lang='lat' dir='ltr'>dicunt,</span> <span class='ocrx_word' id='word_1_534' title='bbox 1683 1671 1711 1724; x_wconf 88' lang='lat' dir='ltr'>iu</span> <span class='ocrx_word' id='word_1_535' title='bbox 1732 1671 1828 1742; x_wconf 72' lang='lat' dir='ltr'>quidus</span> 
     </span>
     <span class='ocr_line' id='line_1_77' title="bbox 1055 1749 1823 1820; baseline 0.009 -20"><span class='ocrx_word' id='word_1_536' title='bbox 1055 1749 1230 1819; x_wconf 66' lang='lat' dir='ltr'>manifestum</span> <span class='ocrx_word' id='word_1_537' title='bbox 1250 1761 1304 1818; x_wconf 85' lang='lat' dir='ltr'>est,</span> <span class='ocrx_word' id='word_1_538' title='bbox 1323 1754 1475 1804; x_wconf 71' lang='lat' dir='ltr'>muccinium</span> <span class='ocrx_word' id='word_1_539' title='bbox 1497 1753 1585 1806; x_wconf 82' lang='lat' dir='ltr'>inesse</span> <span class='ocrx_word' id='word_1_540' title='bbox 1608 1753 1823 1820; x_wconf 83' lang='lat' dir='ltr'>multitudinem,</span> 
     </span>
     <span class='ocr_line' id='line_1_78' title="bbox 1056 1837 1824 1912; baseline 0.01 -26"><span class='ocrx_word' id='word_1_541' title='bbox 1056 1855 1237 1909; x_wconf 77' lang='lat' dir='ltr'>mugitumque</span> <span class='ocrx_word' id='word_1_542' title='bbox 1248 1837 1278 1890; x_wconf 86' lang='lat' dir='ltr'>in</span> <span class='ocrx_word' id='word_1_543' title='bbox 1293 1839 1412 1892; x_wconf 81' lang='lat' dir='ltr'>emendis</span> <span class='ocrx_word' id='word_1_544' title='bbox 1422 1837 1626 1912; x_wconf 81' lang='lat' dir='ltr'>vendendisque</span> <span class='ocrx_word' id='word_1_545' title='bbox 1641 1841 1774 1896; x_wconf 80' lang='lat' dir='ltr'>mercibus</span> <span class='ocrx_word' id='word_1_546' title='bbox 1787 1840 1824 1894; x_wconf 88' lang='lat' dir='ltr'>di·</span> 
     </span>
     <span class='ocr_line' id='line_1_79' title="bbox 1055 1922 1825 1994; baseline 0.013 -22"><span class='ocrx_word' id='word_1_547' title='bbox 1055 1922 1206 1992; x_wconf 74' lang='lat' dir='ltr'>ligentium,</span> <span class='ocrx_word' id='word_1_548' title='bbox 1225 1925 1338 1979; x_wconf 84' lang='lat' dir='ltr'>ulterius</span> <span class='ocrx_word' id='word_1_549' title='bbox 1357 1945 1414 1980; x_wconf 86' lang='lat' dir='ltr'>uon</span> <span class='ocrx_word' id='word_1_550' title='bbox 1431 1928 1555 1994; x_wconf 81' lang='lat' dir='ltr'>potimur</span> <span class='ocrx_word' id='word_1_551' title='bbox 1567 1927 1642 1982; x_wconf 83' lang='lat' dir='ltr'>ordis</span> <span class='ocrx_word' id='word_1_552' title='bbox 1654 1927 1825 1982; x_wconf 67' lang='lat' dir='ltr'>iubilatione</span> 
     </span>
    </p>
   </div>
   <div class='ocr_carea' id='block_1_8' title="bbox 1054 2010 1846 2083">
    <p class='ocr_par' dir='ltr' id='par_1_12' title="bbox 1054 2010 1846 2083">
     <span class='ocr_line' id='line_1_80' title="bbox 1054 2010 1846 2083; baseline 0.011 -23"><span class='ocrx_word' id='word_1_553' title='bbox 1054 2010 1163 2075; x_wconf 84' lang='lat' dir='ltr'>secludi,</span> <span class='ocrx_word' id='word_1_554' title='bbox 1177 2011 1240 2083; x_wconf 70' lang='lat' dir='ltr'>lieet</span> <span class='ocrx_word' id='word_1_555' title='bbox 1258 2027 1305 2065; x_wconf 89' lang='lat' dir='ltr'>eus</span> <span class='ocrx_word' id='word_1_556' title='bbox 1322 2011 1466 2078; x_wconf 85' lang='lat' dir='ltr'>dissensio,</span> <span class='ocrx_word' id='word_1_557' title='bbox 1482 2023 1508 2066; x_wconf 86' lang='lat' dir='ltr'>et</span> <span class='ocrx_word' id='word_1_558' title='bbox 1520 2014 1640 2068; x_wconf 73' lang='lat' dir='ltr'>maxime</span> <span class='ocrx_word' id='word_1_559' title='bbox 1650 2013 1754 2068; x_wconf 80' lang='lat' dir='ltr'>invidie</span> <span class='ocrx_word' id='word_1_560' title='bbox 1775 2020 1846 2068; x_wconf 80' lang='lat' dir='ltr'>Tu·&#39;</span> 
     </span>
    </p>
   </div>
   <div class='ocr_carea' id='block_1_9' title="bbox 1042 2095 1828 4800">
    <p class='ocr_par' dir='ltr' id='par_1_13' title="bbox 1049 2095 1828 3508">
     <span class='ocr_line' id='line_1_81' title="bbox 1055 2095 1826 2170; baseline 0.005 -22"><span class='ocrx_word' id='word_1_561' title='bbox 1055 2095 1256 2163; x_wconf 75' lang='lat' dir='ltr'>bercariarum,</span> <span class='ocrx_word' id='word_1_562' title='bbox 1266 2117 1348 2170; x_wconf 78' lang='lat' dir='ltr'>quum</span> <span class='ocrx_word' id='word_1_563' title='bbox 1357 2100 1521 2154; x_wconf 74' lang='lat' dir='ltr'>uenerabilis</span> <span class='ocrx_word' id='word_1_564' title='bbox 1527 2104 1633 2154; x_wconf 82' lang='lat' dir='ltr'>Romae</span> <span class='ocrx_word' id='word_1_565' title='bbox 1643 2101 1745 2154; x_wconf 84' lang='lat' dir='ltr'>utilitas</span> <span class='ocrx_word' id='word_1_566' title='bbox 1754 2121 1771 2153; x_wconf 86' lang='lat' dir='ltr'>a</span> <span class='ocrx_word' id='word_1_567' title='bbox 1780 2121 1826 2155; x_wconf 75' lang='lat' dir='ltr'>ne-</span> 
     </span>
     <span class='ocr_line' id='line_1_82' title="bbox 1052 2181 1826 2254; baseline 0.008 -22"><span class='ocrx_word' id='word_1_568' title='bbox 1052 2181 1203 2248; x_wconf 76' lang='lat' dir='ltr'>gotiatione</span> <span class='ocrx_word' id='word_1_569' title='bbox 1220 2182 1390 2237; x_wconf 74' lang='lat' dir='ltr'>submoverit.</span> <span class='ocrx_word' id='word_1_570' title='bbox 1410 2183 1516 2238; x_wconf 85' lang='lat' dir='ltr'>Idcirco</span> <span class='ocrx_word' id='word_1_571' title='bbox 1541 2185 1592 2238; x_wconf 84' lang='lat' dir='ltr'>lroc</span> <span class='ocrx_word' id='word_1_572' title='bbox 1614 2185 1700 2239; x_wconf 89' lang='lat' dir='ltr'>edicto</span> <span class='ocrx_word' id='word_1_573' title='bbox 1719 2185 1826 2254; x_wconf 75' lang='lat' dir='ltr'>singuli</span> 
     </span>
     <span class='ocr_line' id='line_1_83' title="bbox 1053 2265 1822 2340; baseline 0.008 -24"><span class='ocrx_word' id='word_1_574' title='bbox 1053 2265 1223 2336; x_wconf 79' lang='lat' dir='ltr'>universique</span> <span class='ocrx_word' id='word_1_575' title='bbox 1239 2278 1414 2334; x_wconf 78' lang='lat' dir='ltr'>cognoscunt,</span> <span class='ocrx_word' id='word_1_576' title='bbox 1433 2268 1600 2340; x_wconf 80' lang='lat' dir='ltr'>Pentapolis</span> <span class='ocrx_word' id='word_1_577' title='bbox 1613 2269 1652 2321; x_wconf 88' lang='lat' dir='ltr'>ud</span> <span class='ocrx_word' id='word_1_578' title='bbox 1663 2271 1756 2321; x_wconf 78' lang='lat' dir='ltr'>urbem</span> <span class='ocrx_word' id='word_1_579' title='bbox 1769 2274 1822 2322; x_wconf 78' lang='lat' dir='ltr'>liu-</span> 
     </span>
     <span class='ocr_line' id='line_1_84' title="bbox 1053 2352 1819 2426; baseline 0.003 -24"><span class='ocrx_word' id='word_1_580' title='bbox 1053 2370 1126 2404; x_wconf 90' lang='lat' dir='ltr'>mum</span> <span class='ocrx_word' id='word_1_581' title='bbox 1137 2353 1270 2406; x_wconf 82' lang='lat' dir='ltr'>redeundi</span> <span class='ocrx_word' id='word_1_582' title='bbox 1280 2353 1490 2426; x_wconf 80' lang='lat' dir='ltr'>negotiandique</span> <span class='ocrx_word' id='word_1_583' title='bbox 1503 2352 1641 2408; x_wconf 87' lang='lat' dir='ltr'>licentium</span> <span class='ocrx_word' id='word_1_584' title='bbox 1654 2355 1819 2416; x_wconf 83' lang='lat' dir='ltr'>restitutum,</span> 
     </span>
     <span class='ocr_line' id='line_1_85' title="bbox 1054 2436 1822 2508; baseline 0.003 -20"><span class='ocrx_word' id='word_1_585' title='bbox 1054 2445 1082 2488; x_wconf 85' lang='lat' dir='ltr'>ut</span> <span class='ocrx_word' id='word_1_586' title='bbox 1099 2454 1164 2488; x_wconf 84' lang='lat' dir='ltr'>curu</span> <span class='ocrx_word' id='word_1_587' title='bbox 1181 2437 1308 2508; x_wconf 64' lang='lat' dir='ltr'>pervigili</span> <span class='ocrx_word' id='word_1_588' title='bbox 1322 2439 1433 2490; x_wconf 82' lang='lat' dir='ltr'>ubertus</span> <span class='ocrx_word' id='word_1_589' title='bbox 1449 2439 1554 2508; x_wconf 79' lang='lat' dir='ltr'>populo</span> <span class='ocrx_word' id='word_1_590' title='bbox 1572 2437 1750 2492; x_wconf 84' lang='lat' dir='ltr'>rniuistretur.</span> <span class='ocrx_word' id='word_1_591' title='bbox 1771 2436 1822 2490; x_wconf 85' lang='lat' dir='ltr'>Sed</span> 
     </span>
     <span class='ocr_line' id='line_1_86' title="bbox 1053 2518 1822 2591; baseline -0.004 -17"><span class='ocrx_word' id='word_1_592' title='bbox 1053 2518 1100 2574; x_wconf 88' lang='lat' dir='ltr'>hos</span> <span class='ocrx_word' id='word_1_593' title='bbox 1120 2521 1153 2574; x_wconf 84' lang='lat' dir='ltr'>ad</span> <span class='ocrx_word' id='word_1_594' title='bbox 1172 2522 1353 2574; x_wconf 86' lang='lat' dir='ltr'>Dardanarios</span> <span class='ocrx_word' id='word_1_595' title='bbox 1371 2522 1415 2574; x_wconf 79' lang='lat' dir='ltr'>rix</span> <span class='ocrx_word' id='word_1_596' title='bbox 1434 2522 1572 2574; x_wconf 79' lang='lat' dir='ltr'>retulerint</span> <span class='ocrx_word' id='word_1_597' title='bbox 1590 2539 1647 2591; x_wconf 74' lang='lat' dir='ltr'>ego,</span> <span class='ocrx_word' id='word_1_598' title='bbox 1664 2539 1726 2574; x_wconf 89' lang='lat' dir='ltr'>cum</span> <span class='ocrx_word' id='word_1_599' title='bbox 1747 2519 1822 2572; x_wconf 79' lang='lat' dir='ltr'>facile</span> 
     </span>
     <span class='ocr_line' id='line_1_87' title="bbox 1061 2601 1828 2676; baseline -0.008 -18"><span class='ocrx_word' id='word_1_600' title='bbox 1061 2623 1095 2658; x_wconf 82' lang='lat' dir='ltr'>es</span> <span class='ocrx_word' id='word_1_601' title='bbox 1108 2605 1188 2658; x_wconf 87' lang='lat' dir='ltr'>dictis</span> <span class='ocrx_word' id='word_1_602' title='bbox 1202 2606 1323 2676; x_wconf 79' lang='lat' dir='ltr'>colligere</span> <span class='ocrx_word' id='word_1_603' title='bbox 1337 2604 1382 2667; x_wconf 87' lang='lat' dir='ltr'>sit,</span> <span class='ocrx_word' id='word_1_604' title='bbox 1394 2604 1443 2657; x_wconf 90' lang='lat' dir='ltr'>hus</span> <span class='ocrx_word' id='word_1_605' title='bbox 1456 2623 1588 2658; x_wconf 83' lang='lat' dir='ltr'>annonam</span> <span class='ocrx_word' id='word_1_606' title='bbox 1607 2621 1660 2656; x_wconf 90' lang='lat' dir='ltr'>nou</span> <span class='ocrx_word' id='word_1_607' title='bbox 1679 2601 1828 2656; x_wconf 81' lang='lat' dir='ltr'>reddidisse</span> 
     </span>
     <span class='ocr_line' id='line_1_88' title="bbox 1052 2688 1820 2764; baseline -0.005 -20"><span class='ocrx_word' id='word_1_608' title='bbox 1052 2692 1191 2757; x_wconf 86' lang='lat' dir='ltr'>cariorem,</span> <span class='ocrx_word' id='word_1_609' title='bbox 1210 2691 1256 2744; x_wconf 90' lang='lat' dir='ltr'>sed</span> <span class='ocrx_word' id='word_1_610' title='bbox 1274 2693 1361 2764; x_wconf 88' lang='lat' dir='ltr'>potius</span> <span class='ocrx_word' id='word_1_611' title='bbox 1375 2709 1405 2744; x_wconf 85' lang='lat' dir='ltr'>eo</span> <span class='ocrx_word' id='word_1_612' title='bbox 1417 2693 1489 2744; x_wconf 83' lang='lat' dir='ltr'>onrui</span> <span class='ocrx_word' id='word_1_613' title='bbox 1502 2691 1591 2744; x_wconf 88' lang='lat' dir='ltr'>studio</span> <span class='ocrx_word' id='word_1_614' title='bbox 1609 2691 1715 2744; x_wconf 85' lang='lat' dir='ltr'>annisus</span> <span class='ocrx_word' id='word_1_615' title='bbox 1730 2688 1820 2752; x_wconf 81' lang='lat' dir='ltr'>luisse,</span> 
     </span>
     <span class='ocr_line' id='line_1_89' title="bbox 1052 2775 1823 2847; baseline -0.003 -21"><span class='ocrx_word' id='word_1_616' title='bbox 1052 2791 1103 2844; x_wconf 91' lang='lat' dir='ltr'>qno</span> <span class='ocrx_word' id='word_1_617' title='bbox 1122 2775 1214 2832; x_wconf 89' lang='lat' dir='ltr'>omnis</span> <span class='ocrx_word' id='word_1_618' title='bbox 1233 2777 1338 2847; x_wconf 79' lang='lat' dir='ltr'>generis</span> <span class='ocrx_word' id='word_1_619' title='bbox 1350 2794 1450 2828; x_wconf 87' lang='lat' dir='ltr'>merces</span> <span class='ocrx_word' id='word_1_620' title='bbox 1466 2779 1576 2830; x_wconf 83' lang='lat' dir='ltr'>Romam</span> <span class='ocrx_word' id='word_1_621' title='bbox 1590 2775 1728 2839; x_wconf 81' lang='lat' dir='ltr'>afferrent,</span> <span class='ocrx_word' id='word_1_622' title='bbox 1744 2783 1823 2842; x_wconf 85' lang='lat' dir='ltr'>atque</span> 
     </span>
     <span class='ocr_line' id='line_1_90' title="bbox 1052 2854 1820 2931; baseline -0.008 -21"><span class='ocrx_word' id='word_1_623' title='bbox 1052 2859 1199 2913; x_wconf 87' lang='lat' dir='ltr'>ubertatem</span> <span class='ocrx_word' id='word_1_624' title='bbox 1222 2871 1373 2914; x_wconf 83' lang='lat' dir='ltr'>exterarum</span> <span class='ocrx_word' id='word_1_625' title='bbox 1400 2877 1489 2912; x_wconf 84' lang='lat' dir='ltr'>rernm</span> <span class='ocrx_word' id='word_1_626' title='bbox 1514 2860 1611 2931; x_wconf 90' lang='lat' dir='ltr'>populo</span> <span class='ocrx_word' id='word_1_627' title='bbox 1634 2854 1820 2909; x_wconf 84' lang='lat' dir='ltr'>subministru-</span> 
     </span>
     <span class='ocr_line' id='line_1_91' title="bbox 1051 2942 1820 3015; baseline -0.012 -15"><span class='ocrx_word' id='word_1_628' title='bbox 1051 2959 1123 3014; x_wconf 88' lang='lat' dir='ltr'>rent,</span> <span class='ocrx_word' id='word_1_629' title='bbox 1143 2958 1172 3000; x_wconf 91' lang='lat' dir='ltr'>ut</span> <span class='ocrx_word' id='word_1_630' title='bbox 1190 2948 1228 3000; x_wconf 91' lang='lat' dir='ltr'>ita</span> <span class='ocrx_word' id='word_1_631' title='bbox 1246 2965 1280 3000; x_wconf 84' lang='lat' dir='ltr'>ex</span> <span class='ocrx_word' id='word_1_632' title='bbox 1299 2947 1393 2999; x_wconf 88' lang='lat' dir='ltr'>borum</span> <span class='ocrx_word' id='word_1_633' title='bbox 1414 2946 1562 3015; x_wconf 84' lang='lat' dir='ltr'>praeseutia</span> <span class='ocrx_word' id='word_1_634' title='bbox 1585 2942 1767 3004; x_wconf 86' lang='lat' dir='ltr'>commodum,</span> <span class='ocrx_word' id='word_1_635' title='bbox 1787 2957 1820 2991; x_wconf 80' lang='lat' dir='ltr'>ex</span> 
     </span>
     <span class='ocr_line' id='line_1_92' title="bbox 1049 3023 1819 3097; baseline -0.013 -13"><span class='ocrx_word' id='word_1_636' title='bbox 1049 3031 1168 3086; x_wconf 85' lang='lat' dir='ltr'>absentia</span> <span class='ocrx_word' id='word_1_637' title='bbox 1192 3049 1254 3085; x_wconf 83' lang='lat' dir='ltr'>vero</span> <span class='ocrx_word' id='word_1_638' title='bbox 1278 3029 1493 3092; x_wconf 87' lang='lat' dir='ltr'>incommodum,</span> <span class='ocrx_word' id='word_1_639' title='bbox 1514 3030 1543 3081; x_wconf 92' lang='lat' dir='ltr'>in</span> <span class='ocrx_word' id='word_1_640' title='bbox 1564 3027 1701 3097; x_wconf 84' lang='lat' dir='ltr'>Rempubi.</span> <span class='ocrx_word' id='word_1_641' title='bbox 1720 3023 1819 3077; x_wconf 88' lang='lat' dir='ltr'>redun-</span> 
     </span>
     <span class='ocr_line' id='line_1_93' title="bbox 1050 3115 1818 3188; baseline -0.008 -20"><span class='ocrx_word' id='word_1_642' title='bbox 1050 3115 1128 3171; x_wconf 87' lang='lat' dir='ltr'>darit.</span> <span class='ocrx_word' id='word_1_643' title='bbox 1142 3119 1305 3188; x_wconf 85' lang='lat' dir='ltr'>Quicumque</span> <span class='ocrx_word' id='word_1_644' title='bbox 1317 3116 1404 3185; x_wconf 89' lang='lat' dir='ltr'>itaque</span> <span class='ocrx_word' id='word_1_645' title='bbox 1416 3133 1556 3178; x_wconf 88' lang='lat' dir='ltr'>annonam,</span> <span class='ocrx_word' id='word_1_646' title='bbox 1572 3130 1670 3168; x_wconf 88' lang='lat' dir='ltr'>merces</span> <span class='ocrx_word' id='word_1_647' title='bbox 1686 3120 1818 3182; x_wconf 86' lang='lat' dir='ltr'>coemptas</span> 
     </span>
     <span class='ocr_line' id='line_1_94' title="bbox 1049 3186 1815 3270; baseline -0.008 -18"><span class='ocrx_word' id='word_1_648' title='bbox 1049 3201 1247 3270; x_wconf 86' lang='lat' dir='ltr'>supprimendo,</span> <span class='ocrx_word' id='word_1_649' title='bbox 1265 3202 1306 3254; x_wconf 86' lang='lat' dir='ltr'>rel</span> <span class='ocrx_word' id='word_1_650' title='bbox 1324 3217 1383 3253; x_wconf 88' lang='lat' dir='ltr'>suas</span> <span class='ocrx_word' id='word_1_651' title='bbox 1402 3186 1472 3266; x_wconf 79' lang='lat' dir='ltr'>iusto</span> <span class='ocrx_word' id='word_1_652' title='bbox 1490 3198 1577 3270; x_wconf 87' lang='lat' dir='ltr'>pretio</span> <span class='ocrx_word' id='word_1_653' title='bbox 1595 3215 1649 3252; x_wconf 86' lang='lat' dir='ltr'>non</span> <span class='ocrx_word' id='word_1_654' title='bbox 1669 3193 1815 3255; x_wconf 83' lang='lat' dir='ltr'>vendendo,</span> 
     </span>
     <span class='ocr_line' id='line_1_95' title="bbox 1049 3279 1820 3356; baseline -0.003 -22"><span class='ocrx_word' id='word_1_655' title='bbox 1049 3280 1157 3356; x_wconf 80' lang='lat' dir='ltr'>salsasq;</span> <span class='ocrx_word' id='word_1_656' title='bbox 1178 3301 1314 3337; x_wconf 86' lang='lat' dir='ltr'>mensuras</span> <span class='ocrx_word' id='word_1_657' title='bbox 1326 3283 1521 3346; x_wconf 86' lang='lat' dir='ltr'>constituendo,</span> <span class='ocrx_word' id='word_1_658' title='bbox 1536 3300 1587 3334; x_wconf 90' lang='lat' dir='ltr'>oon</span> <span class='ocrx_word' id='word_1_659' title='bbox 1603 3279 1719 3334; x_wconf 91' lang='lat' dir='ltr'>reddunt</span> <span class='ocrx_word' id='word_1_660' title='bbox 1736 3279 1820 3332; x_wconf 88' lang='lat' dir='ltr'>cario·</span> 
     </span>
     <span class='ocr_line' id='line_1_96' title="bbox 1049 3363 1819 3440; baseline -0.005 -20"><span class='ocrx_word' id='word_1_661' title='bbox 1049 3386 1121 3432; x_wconf 89' lang='lat' dir='ltr'>rem,</span> <span class='ocrx_word' id='word_1_662' title='bbox 1142 3367 1304 3440; x_wconf 65' lang='lat' dir='ltr'>iniqueque</span> <span class='ocrx_word' id='word_1_663' title='bbox 1326 3366 1536 3421; x_wconf 85' lang='lat' dir='ltr'>Dardauariatus</span> <span class='ocrx_word' id='word_1_664' title='bbox 1562 3367 1664 3419; x_wconf 85' lang='lat' dir='ltr'>crimen</span> <span class='ocrx_word' id='word_1_665' title='bbox 1688 3363 1757 3416; x_wconf 88' lang='lat' dir='ltr'>haud</span> <span class='ocrx_word' id='word_1_666' title='bbox 1776 3365 1819 3416; x_wconf 91' lang='lat' dir='ltr'>in-</span> 
     </span>
     <span class='ocr_line' id='line_1_97' title="bbox 1050 3466 1168 3508; baseline -0.025 0"><span class='ocrx_word' id='word_1_667' title='bbox 1050 3466 1168 3508; x_wconf 86' lang='lat' dir='ltr'>currunt.</span> 
     </span>
    </p>

    <p class='ocr_par' dir='ltr' id='par_1_14' title="bbox 1042 3535 1821 4800">
     <span class='ocr_line' id='line_1_98' title="bbox 1084 3535 1817 3610; baseline 0.001 -21"><span class='ocrx_word' id='word_1_668' title='bbox 1084 3537 1201 3610; x_wconf 75' lang='lat' dir='ltr'>Apparet</span> <span class='ocrx_word' id='word_1_669' title='bbox 1219 3555 1298 3610; x_wconf 86' lang='lat' dir='ltr'>porro</span> <span class='ocrx_word' id='word_1_670' title='bbox 1316 3538 1422 3604; x_wconf 83' lang='lat' dir='ltr'>exinde,</span> <span class='ocrx_word' id='word_1_671' title='bbox 1441 3555 1507 3609; x_wconf 86' lang='lat' dir='ltr'>quac</span> <span class='ocrx_word' id='word_1_672' title='bbox 1526 3539 1558 3590; x_wconf 91' lang='lat' dir='ltr'>de</span> <span class='ocrx_word' id='word_1_673' title='bbox 1583 3537 1695 3590; x_wconf 75' lang='lat' dir='ltr'>Thalete</span> <span class='ocrx_word' id='word_1_674' title='bbox 1709 3535 1817 3590; x_wconf 72' lang='lat' dir='ltr'>Mlesio</span> 
     </span>
     <span class='ocr_line' id='line_1_99' title="bbox 1051 3617 1816 3692; baseline -0.005 -16"><span class='ocrx_word' id='word_1_675' title='bbox 1051 3622 1160 3678; x_wconf 83' lang='lat' dir='ltr'>serenda</span> <span class='ocrx_word' id='word_1_676' title='bbox 1187 3624 1318 3678; x_wconf 87' lang='lat' dir='ltr'>sententia</span> <span class='ocrx_word' id='word_1_677' title='bbox 1339 3622 1390 3687; x_wconf 87' lang='lat' dir='ltr'>sit,</span> <span class='ocrx_word' id='word_1_678' title='bbox 1411 3623 1443 3674; x_wconf 90' lang='lat' dir='ltr'>de</span> <span class='ocrx_word' id='word_1_679' title='bbox 1460 3641 1512 3692; x_wconf 90' lang='lat' dir='ltr'>quo</span> <span class='ocrx_word' id='word_1_680' title='bbox 1530 3639 1587 3691; x_wconf 84' lang='lat' dir='ltr'>cop.</span> <span class='ocrx_word' id='word_1_681' title='bbox 1611 3633 1633 3672; x_wconf 89' lang='lat' dir='ltr'>t·</span> <span class='ocrx_word' id='word_1_682' title='bbox 1652 3637 1680 3672; x_wconf 89' lang='lat' dir='ltr'>u.</span> <span class='ocrx_word' id='word_1_683' title='bbox 1701 3633 1724 3672; x_wconf 84' lang='lat' dir='ltr'>s.</span> <span class='ocrx_word' id='word_1_684' title='bbox 1743 3617 1816 3672; x_wconf 88' lang='lat' dir='ltr'>dice·</span> 
     </span>
     <span class='ocr_line' id='line_1_100' title="bbox 1048 3703 1818 3770; baseline -0.004 -12"><span class='ocrx_word' id='word_1_685' title='bbox 1048 3705 1119 3770; x_wconf 89' lang='lat' dir='ltr'>bam,</span> <span class='ocrx_word' id='word_1_686' title='bbox 1139 3725 1172 3759; x_wconf 85' lang='lat' dir='ltr'>an</span> <span class='ocrx_word' id='word_1_687' title='bbox 1193 3707 1322 3760; x_wconf 83' lang='lat' dir='ltr'>nimirum</span> <span class='ocrx_word' id='word_1_688' title='bbox 1335 3705 1380 3760; x_wconf 91' lang='lat' dir='ltr'>iile</span> <span class='ocrx_word' id='word_1_689' title='bbox 1398 3725 1413 3760; x_wconf 89' lang='lat' dir='ltr'>a</span> <span class='ocrx_word' id='word_1_690' title='bbox 1432 3705 1594 3758; x_wconf 87' lang='lat' dir='ltr'>Dardanaria</span> <span class='ocrx_word' id='word_1_691' title='bbox 1612 3705 1671 3758; x_wconf 89' lang='lat' dir='ltr'>labe</span> <span class='ocrx_word' id='word_1_692' title='bbox 1687 3703 1818 3756; x_wconf 84' lang='lat' dir='ltr'>immunis</span> 
     </span>
     <span class='ocr_line' id='line_1_101' title="bbox 1050 3785 1819 3860; baseline 0 -20"><span class='ocrx_word' id='word_1_693' title='bbox 1050 3787 1284 3860; x_wconf 85' lang='lat' dir='ltr'>pronunciandus?</span> <span class='ocrx_word' id='word_1_694' title='bbox 1309 3788 1386 3859; x_wconf 88' lang='lat' dir='ltr'>Quod</span> <span class='ocrx_word' id='word_1_695' title='bbox 1410 3790 1498 3841; x_wconf 81' lang='lat' dir='ltr'>resins</span> <span class='ocrx_word' id='word_1_696' title='bbox 1518 3785 1685 3852; x_wconf 62' lang='lat' dir='ltr'>affirmatum</span> <span class='ocrx_word' id='word_1_697' title='bbox 1703 3785 1819 3840; x_wconf 78' lang='lat' dir='ltr'>Noverat</span> 
     </span>
     <span class='ocr_line' id='line_1_102' title="bbox 1047 3869 1821 3946; baseline -0.004 -19"><span class='ocrx_word' id='word_1_698' title='bbox 1047 3875 1121 3927; x_wconf 83' lang='lat' dir='ltr'>eninr</span> <span class='ocrx_word' id='word_1_699' title='bbox 1140 3875 1195 3938; x_wconf 90' lang='lat' dir='ltr'>ille,</span> <span class='ocrx_word' id='word_1_700' title='bbox 1215 3886 1242 3928; x_wconf 91' lang='lat' dir='ltr'>et</span> <span class='ocrx_word' id='word_1_701' title='bbox 1260 3875 1431 3946; x_wconf 76' lang='lat' dir='ltr'>praesidebat</span> <span class='ocrx_word' id='word_1_702' title='bbox 1450 3873 1613 3944; x_wconf 75' lang='lat' dir='ltr'>Astrologiae</span> <span class='ocrx_word' id='word_1_703' title='bbox 1625 3869 1764 3938; x_wconf 76' lang='lat' dir='ltr'>beneficio,</span> <span class='ocrx_word' id='word_1_704' title='bbox 1778 3873 1821 3924; x_wconf 87' lang='lat' dir='ltr'>lu·</span> 
     </span>
     <span class='ocr_line' id='line_1_103' title="bbox 1049 3956 1815 4029; baseline -0.004 -19"><span class='ocrx_word' id='word_1_705' title='bbox 1049 3957 1101 4010; x_wconf 92' lang='lat' dir='ltr'>turi</span> <span class='ocrx_word' id='word_1_706' title='bbox 1114 3959 1176 4010; x_wconf 90' lang='lat' dir='ltr'>anni</span> <span class='ocrx_word' id='word_1_707' title='bbox 1192 3958 1343 4020; x_wconf 84' lang='lat' dir='ltr'>Caristiam,</span> <span class='ocrx_word' id='word_1_708' title='bbox 1358 3958 1446 4029; x_wconf 87' lang='lat' dir='ltr'>itaque</span> <span class='ocrx_word' id='word_1_709' title='bbox 1459 3975 1498 4021; x_wconf 90' lang='lat' dir='ltr'>ea,</span> <span class='ocrx_word' id='word_1_710' title='bbox 1511 3977 1561 4028; x_wconf 85' lang='lat' dir='ltr'>qua</span> <span class='ocrx_word' id='word_1_711' title='bbox 1576 3956 1697 4028; x_wconf 84' lang='lat' dir='ltr'>pollebat,</span> <span class='ocrx_word' id='word_1_712' title='bbox 1709 3956 1815 4026; x_wconf 88' lang='lat' dir='ltr'>sapien·</span> 
     </span>
     <span class='ocr_line' id='line_1_104' title="bbox 1047 4041 1817 4113; baseline 0.001 -22"><span class='ocrx_word' id='word_1_713' title='bbox 1047 4041 1092 4105; x_wconf 92' lang='lat' dir='ltr'>tia,</span> <span class='ocrx_word' id='word_1_714' title='bbox 1114 4041 1316 4113; x_wconf 78' lang='lat' dir='ltr'>impellebatur,</span> <span class='ocrx_word' id='word_1_715' title='bbox 1334 4041 1368 4095; x_wconf 85' lang='lat' dir='ltr'>ad</span> <span class='ocrx_word' id='word_1_716' title='bbox 1385 4041 1541 4095; x_wconf 85' lang='lat' dir='ltr'>coemendas</span> <span class='ocrx_word' id='word_1_717' title='bbox 1558 4042 1638 4103; x_wconf 87' lang='lat' dir='ltr'>oleas,</span> <span class='ocrx_word' id='word_1_718' title='bbox 1657 4056 1817 4111; x_wconf 86' lang='lat' dir='ltr'>praeparau-</span> 
     </span>
     <span class='ocr_line' id='line_1_105' title="bbox 1046 4125 1816 4199; baseline 0.003 -21"><span class='ocrx_word' id='word_1_719' title='bbox 1046 4127 1142 4199; x_wconf 91' lang='lat' dir='ltr'>dusque</span> <span class='ocrx_word' id='word_1_720' title='bbox 1160 4125 1284 4182; x_wconf 81' lang='lat' dir='ltr'>officinas</span> <span class='ocrx_word' id='word_1_721' title='bbox 1296 4130 1416 4194; x_wconf 86' lang='lat' dir='ltr'>olearias,</span> <span class='ocrx_word' id='word_1_722' title='bbox 1431 4139 1460 4180; x_wconf 90' lang='lat' dir='ltr'>ut</span> <span class='ocrx_word' id='word_1_723' title='bbox 1473 4128 1510 4182; x_wconf 90' lang='lat' dir='ltr'>ita</span> <span class='ocrx_word' id='word_1_724' title='bbox 1525 4128 1627 4181; x_wconf 82' lang='lat' dir='ltr'>suturae</span> <span class='ocrx_word' id='word_1_725' title='bbox 1646 4127 1751 4199; x_wconf 87' lang='lat' dir='ltr'>inopiae</span> <span class='ocrx_word' id='word_1_726' title='bbox 1764 4145 1816 4180; x_wconf 78' lang='lat' dir='ltr'>me</span> 
     </span>
     <span class='ocr_line' id='line_1_106' title="bbox 1045 4211 1811 4284; baseline 0.001 -21"><span class='ocrx_word' id='word_1_727' title='bbox 1045 4212 1161 4276; x_wconf 89' lang='lat' dir='ltr'>dendae,</span> <span class='ocrx_word' id='word_1_728' title='bbox 1181 4213 1287 4283; x_wconf 86' lang='lat' dir='ltr'>aliquod</span> <span class='ocrx_word' id='word_1_729' title='bbox 1308 4211 1501 4284; x_wconf 87' lang='lat' dir='ltr'>quodammodo</span> <span class='ocrx_word' id='word_1_730' title='bbox 1524 4221 1614 4283; x_wconf 87' lang='lat' dir='ltr'>posset</span> <span class='ocrx_word' id='word_1_731' title='bbox 1636 4213 1811 4281; x_wconf 86' lang='lat' dir='ltr'>emplastrum</span> 
     </span>
     <span class='ocr_line' id='line_1_107' title="bbox 1045 4294 1810 4367; baseline 0.001 -20"><span class='ocrx_word' id='word_1_732' title='bbox 1045 4296 1174 4350; x_wconf 78' lang='lat' dir='ltr'>invenire.</span> <span class='ocrx_word' id='word_1_733' title='bbox 1194 4297 1272 4367; x_wconf 88' lang='lat' dir='ltr'>Quod</span> <span class='ocrx_word' id='word_1_734' title='bbox 1291 4315 1352 4351; x_wconf 86' lang='lat' dir='ltr'>reru</span> <span class='ocrx_word' id='word_1_735' title='bbox 1370 4297 1456 4348; x_wconf 84' lang='lat' dir='ltr'>carius</span> <span class='ocrx_word' id='word_1_736' title='bbox 1474 4311 1517 4348; x_wconf 87' lang='lat' dir='ltr'>eas</span> <span class='ocrx_word' id='word_1_737' title='bbox 1535 4305 1626 4367; x_wconf 84' lang='lat' dir='ltr'>postcu</span> <span class='ocrx_word' id='word_1_738' title='bbox 1647 4294 1810 4360; x_wconf 78' lang='lat' dir='ltr'>vendiderit,</span> 
     </span>
     <span class='ocr_line' id='line_1_108' title="bbox 1044 4379 1821 4454; baseline -0.003 -16"><span class='ocrx_word' id='word_1_739' title='bbox 1044 4403 1073 4438; x_wconf 90' lang='lat' dir='ltr'>eo</span> <span class='ocrx_word' id='word_1_740' title='bbox 1096 4383 1155 4454; x_wconf 88' lang='lat' dir='ltr'>ipso</span> <span class='ocrx_word' id='word_1_741' title='bbox 1173 4401 1225 4436; x_wconf 90' lang='lat' dir='ltr'>non</span> <span class='ocrx_word' id='word_1_742' title='bbox 1238 4385 1330 4438; x_wconf 88' lang='lat' dir='ltr'>statim</span> <span class='ocrx_word' id='word_1_743' title='bbox 1344 4383 1525 4437; x_wconf 88' lang='lat' dir='ltr'>Dardanarins</span> <span class='ocrx_word' id='word_1_744' title='bbox 1544 4379 1671 4446; x_wconf 77' lang='lat' dir='ltr'>eflicitur,</span> <span class='ocrx_word' id='word_1_745' title='bbox 1685 4399 1744 4434; x_wconf 87' lang='lat' dir='ltr'>curn</span> <span class='ocrx_word' id='word_1_746' title='bbox 1758 4402 1821 4453; x_wconf 87' lang='lat' dir='ltr'>pre-</span> 
     </span>
     <span class='ocr_line' id='line_1_109' title="bbox 1045 4466 1811 4541; baseline -0.003 -19"><span class='ocrx_word' id='word_1_747' title='bbox 1045 4471 1113 4523; x_wconf 89' lang='lat' dir='ltr'>tium</span> <span class='ocrx_word' id='word_1_748' title='bbox 1131 4470 1272 4539; x_wconf 87' lang='lat' dir='ltr'>ejusmodi,</span> <span class='ocrx_word' id='word_1_749' title='bbox 1290 4471 1368 4541; x_wconf 87' lang='lat' dir='ltr'>quale</span> <span class='ocrx_word' id='word_1_750' title='bbox 1387 4479 1506 4541; x_wconf 90' lang='lat' dir='ltr'>tempore</span> <span class='ocrx_word' id='word_1_751' title='bbox 1523 4466 1682 4520; x_wconf 88' lang='lat' dir='ltr'>abundantis</span> <span class='ocrx_word' id='word_1_752' title='bbox 1693 4485 1811 4522; x_wconf 87' lang='lat' dir='ltr'>annonae</span> 
     </span>
     <span class='ocr_line' id='line_1_110' title="bbox 1042 4549 1813 4624; baseline -0.006 -15"><span class='ocrx_word' id='word_1_753' title='bbox 1042 4568 1091 4623; x_wconf 89' lang='lat' dir='ltr'>est,</span> <span class='ocrx_word' id='word_1_754' title='bbox 1107 4557 1159 4609; x_wconf 87' lang='lat' dir='ltr'>tale</span> <span class='ocrx_word' id='word_1_755' title='bbox 1173 4557 1292 4608; x_wconf 83' lang='lat' dir='ltr'>caritatis</span> <span class='ocrx_word' id='word_1_756' title='bbox 1302 4571 1405 4622; x_wconf 86' lang='lat' dir='ltr'>quoque</span> <span class='ocrx_word' id='word_1_757' title='bbox 1424 4563 1544 4624; x_wconf 84' lang='lat' dir='ltr'>ternpore</span> <span class='ocrx_word' id='word_1_758' title='bbox 1553 4567 1611 4605; x_wconf 89' lang='lat' dir='ltr'>esse</span> <span class='ocrx_word' id='word_1_759' title='bbox 1622 4551 1726 4614; x_wconf 88' lang='lat' dir='ltr'>debere,</span> <span class='ocrx_word' id='word_1_760' title='bbox 1738 4549 1813 4604; x_wconf 82' lang='lat' dir='ltr'>dictu</span> 
     </span>
     <span class='ocr_line' id='line_1_111' title="bbox 1042 4633 1810 4705; baseline -0.004 -12"><span class='ocrx_word' id='word_1_761' title='bbox 1042 4642 1111 4694; x_wconf 89' lang='lat' dir='ltr'>soret</span> <span class='ocrx_word' id='word_1_762' title='bbox 1123 4639 1274 4691; x_wconf 86' lang='lat' dir='ltr'>absurdum.</span> <span class='ocrx_word' id='word_1_763' title='bbox 1288 4637 1464 4690; x_wconf 80' lang='lat' dir='ltr'>Fraudulenta</span> <span class='ocrx_word' id='word_1_764' title='bbox 1485 4636 1626 4705; x_wconf 88' lang='lat' dir='ltr'>coemptio,</span> <span class='ocrx_word' id='word_1_765' title='bbox 1640 4633 1810 4690; x_wconf 79' lang='lat' dir='ltr'>fraudulenta</span> 
     </span>
     <span class='ocr_line' id='line_1_112' title="bbox 1043 4720 1812 4800; baseline -0.007 -19"><span class='ocrx_word' id='word_1_766' title='bbox 1043 4725 1193 4800; x_wconf 86' lang='lat' dir='ltr'>suppressio</span> <span class='ocrx_word' id='word_1_767' title='bbox 1223 4725 1388 4795; x_wconf 86' lang='lat' dir='ltr'>requiritur.</span> <span class='ocrx_word' id='word_1_768' title='bbox 1415 4725 1494 4791; x_wconf 79' lang='lat' dir='ltr'>iuius</span> <span class='ocrx_word' id='word_1_769' title='bbox 1518 4720 1620 4774; x_wconf 80' lang='lat' dir='ltr'>fraudis</span> <span class='ocrx_word' id='word_1_770' title='bbox 1643 4739 1703 4774; x_wconf 88' lang='lat' dir='ltr'>cum</span> <span class='ocrx_word' id='word_1_771' title='bbox 1729 4722 1812 4777; x_wconf 84' lang='lat' dir='ltr'>fuerit</span> 
     </span>
    </p>
   </div>
   <div class='ocr_carea' id='block_1_10' title="bbox 1040 4811 1807 4886">
    <p class='ocr_par' dir='ltr' id='par_1_15' title="bbox 1040 4811 1807 4886">
     <span class='ocr_line' id='line_1_113' title="bbox 1040 4811 1807 4886; baseline -0.008 -17"><span class='ocrx_word' id='word_1_772' title='bbox 1040 4831 1132 4886; x_wconf 81' lang='lat' dir='ltr'>expers</span> <span class='ocrx_word' id='word_1_773' title='bbox 1146 4812 1277 4875; x_wconf 88' lang='lat' dir='ltr'>Milesius,</span> <span class='ocrx_word' id='word_1_774' title='bbox 1291 4811 1377 4882; x_wconf 88' lang='lat' dir='ltr'>ipsius</span> <span class='ocrx_word' id='word_1_775' title='bbox 1389 4829 1491 4881; x_wconf 90' lang='lat' dir='ltr'>qnoque</span> <span class='ocrx_word' id='word_1_776' title='bbox 1504 4811 1627 4864; x_wconf 88' lang='lat' dir='ltr'>criminis</span> <span class='ocrx_word' id='word_1_777' title='bbox 1640 4825 1735 4881; x_wconf 81' lang='lat' dir='ltr'>expers</span> <span class='ocrx_word' id='word_1_778' title='bbox 1751 4827 1807 4863; x_wconf 88' lang='lat' dir='ltr'>rne-</span> 
     </span>
    </p>
   </div>
   <div class='ocr_carea' id='block_1_11' title="bbox 1860 2449 1872 2488">
    <p class='ocr_par' dir='ltr' id='par_1_16' title="bbox 1860 2449 1872 2488">
     <span class='ocr_line' id='line_1_114' title="bbox 1860 2449 1872 2488; baseline 0 0"><span class='ocrx_word' id='word_1_779' title='bbox 1860 2449 1872 2488; x_wconf 75' lang='lat' dir='ltr'>i</span> 
     </span>
    </p>
   </div>
   <div class='ocr_carea' id='block_1_12' title="bbox 1039 4894 1859 4966">
    <p class='ocr_par' dir='ltr' id='par_1_17' title="bbox 1039 4894 1859 4966">
     <span class='ocr_line' id='line_1_115' title="bbox 1039 4894 1859 4966; baseline -0.009 -13"><span class='ocrx_word' id='word_1_780' title='bbox 1039 4901 1093 4953; x_wconf 88' lang='lat' dir='ltr'>rito</span> <span class='ocrx_word' id='word_1_781' title='bbox 1112 4895 1265 4952; x_wconf 87' lang='lat' dir='ltr'>censendus.</span> <span class='ocrx_word' id='word_1_782' title='bbox 1280 4897 1361 4949; x_wconf 89' lang='lat' dir='ltr'>Secus</span> <span class='ocrx_word' id='word_1_783' title='bbox 1379 4913 1441 4966; x_wconf 81' lang='lat' dir='ltr'>ergo</span> <span class='ocrx_word' id='word_1_784' title='bbox 1458 4907 1508 4958; x_wconf 85' lang='lat' dir='ltr'>est,</span> <span class='ocrx_word' id='word_1_785' title='bbox 1528 4895 1551 4948; x_wconf 87' lang='lat' dir='ltr'>si</span> <span class='ocrx_word' id='word_1_786' title='bbox 1570 4904 1688 4965; x_wconf 90' lang='lat' dir='ltr'>tempore</span> <span class='ocrx_word' id='word_1_787' title='bbox 1707 4894 1806 4946; x_wconf 88' lang='lat' dir='ltr'>messis</span> <span class='ocrx_word' id='word_1_788' title='bbox 1846 4905 1859 4946; x_wconf 79' lang='lat' dir='ltr'>s</span> 
     </span>
    </p>
   </div>
   <div class='ocr_carea' id='block_1_13' title="bbox 1037 4975 1811 5532">
    <p class='ocr_par' dir='ltr' id='par_1_18' title="bbox 1038 4975 1811 5053">
     <span class='ocr_line' id='line_1_116' title="bbox 1038 4975 1811 5053; baseline -0.009 -18"><span class='ocrx_word' id='word_1_789' title='bbox 1038 4983 1145 5053; x_wconf 88' lang='lat' dir='ltr'>aliquis,</span> <span class='ocrx_word' id='word_1_790' title='bbox 1164 4981 1208 5033; x_wconf 91' lang='lat' dir='ltr'>ubi</span> <span class='ocrx_word' id='word_1_791' title='bbox 1229 4979 1360 5032; x_wconf 84' lang='lat' dir='ltr'>frumenti</span> <span class='ocrx_word' id='word_1_792' title='bbox 1379 4979 1542 5032; x_wconf 84' lang='lat' dir='ltr'>abundantia</span> <span class='ocrx_word' id='word_1_793' title='bbox 1562 4990 1611 5044; x_wconf 92' lang='lat' dir='ltr'>est,</span> <span class='ocrx_word' id='word_1_794' title='bbox 1632 4989 1736 5031; x_wconf 86' lang='lat' dir='ltr'>tantam</span> <span class='ocrx_word' id='word_1_795' title='bbox 1757 4975 1811 5028; x_wconf 79' lang='lat' dir='ltr'>t&#39;ru·</span> 
     </span>
    </p>

    <p class='ocr_par' dir='ltr' id='par_1_19' title="bbox 1038 5063 1809 5136">
     <span class='ocr_line' id='line_1_117' title="bbox 1038 5063 1809 5136; baseline -0.009 -15"><span class='ocrx_word' id='word_1_796' title='bbox 1038 5081 1127 5122; x_wconf 80' lang='lat' dir='ltr'>ctuum</span> <span class='ocrx_word' id='word_1_797' title='bbox 1140 5066 1316 5136; x_wconf 88' lang='lat' dir='ltr'>quantitatem</span> <span class='ocrx_word' id='word_1_798' title='bbox 1330 5074 1470 5131; x_wconf 83' lang='lat' dir='ltr'>coemeret,</span> <span class='ocrx_word' id='word_1_799' title='bbox 1485 5081 1512 5118; x_wconf 89' lang='lat' dir='ltr'>ea</span> <span class='ocrx_word' id='word_1_800' title='bbox 1529 5063 1690 5128; x_wconf 88' lang='lat' dir='ltr'>intentione,</span> <span class='ocrx_word' id='word_1_801' title='bbox 1704 5072 1733 5116; x_wconf 92' lang='lat' dir='ltr'>ut</span> <span class='ocrx_word' id='word_1_802' title='bbox 1747 5081 1809 5132; x_wconf 88' lang='lat' dir='ltr'>pos-</span> 
     </span>
    </p>

    <p class='ocr_par' dir='ltr' id='par_1_20' title="bbox 1037 5144 1808 5219">
     <span class='ocr_line' id='line_1_118' title="bbox 1037 5144 1808 5219; baseline -0.008 -15"><span class='ocrx_word' id='word_1_803' title='bbox 1037 5160 1078 5204; x_wconf 88' lang='lat' dir='ltr'>set</span> <span class='ocrx_word' id='word_1_804' title='bbox 1095 5167 1151 5202; x_wconf 87' lang='lat' dir='ltr'>cam</span> <span class='ocrx_word' id='word_1_805' title='bbox 1171 5147 1345 5219; x_wconf 81' lang='lat' dir='ltr'>supprimere,</span> <span class='ocrx_word' id='word_1_806' title='bbox 1360 5147 1441 5217; x_wconf 88' lang='lat' dir='ltr'>inque</span> <span class='ocrx_word' id='word_1_807' title='bbox 1453 5156 1557 5216; x_wconf 89' lang='lat' dir='ltr'>tempus</span> <span class='ocrx_word' id='word_1_808' title='bbox 1571 5163 1690 5198; x_wconf 88' lang='lat' dir='ltr'>annonae</span> <span class='ocrx_word' id='word_1_809' title='bbox 1709 5144 1808 5198; x_wconf 90' lang='lat' dir='ltr'>arctio·</span> 
     </span>
    </p>

    <p class='ocr_par' dir='ltr' id='par_1_21' title="bbox 1038 5230 1804 5301">
     <span class='ocr_line' id='line_1_119' title="bbox 1038 5230 1804 5301; baseline -0.008 -15"><span class='ocrx_word' id='word_1_810' title='bbox 1038 5233 1075 5286; x_wconf 89' lang='lat' dir='ltr'>ris</span> <span class='ocrx_word' id='word_1_811' title='bbox 1094 5249 1242 5294; x_wconf 66' lang='lat' dir='ltr'>asservare,</span> <span class='ocrx_word' id='word_1_812' title='bbox 1262 5235 1315 5286; x_wconf 86' lang='lat' dir='ltr'>liic</span> <span class='ocrx_word' id='word_1_813' title='bbox 1340 5232 1428 5296; x_wconf 84' lang='lat' dir='ltr'>enirn,</span> <span class='ocrx_word' id='word_1_814' title='bbox 1454 5231 1516 5301; x_wconf 87' lang='lat' dir='ltr'>quia</span> <span class='ocrx_word' id='word_1_815' title='bbox 1536 5230 1564 5282; x_wconf 91' lang='lat' dir='ltr'>in</span> <span class='ocrx_word' id='word_1_816' title='bbox 1583 5247 1658 5281; x_wconf 88' lang='lat' dir='ltr'>causa</span> <span class='ocrx_word' id='word_1_817' title='bbox 1678 5239 1734 5292; x_wconf 87' lang='lat' dir='ltr'>est,</span> <span class='ocrx_word' id='word_1_818' title='bbox 1753 5245 1804 5298; x_wconf 89' lang='lat' dir='ltr'>quo</span> 
     </span>
    </p>

    <p class='ocr_par' dir='ltr' id='par_1_22' title="bbox 1037 5313 1806 5388">
     <span class='ocr_line' id='line_1_120' title="bbox 1037 5313 1806 5388; baseline -0.009 -17"><span class='ocrx_word' id='word_1_819' title='bbox 1037 5319 1150 5371; x_wconf 90' lang='lat' dir='ltr'>Caristia</span> <span class='ocrx_word' id='word_1_820' title='bbox 1164 5319 1192 5369; x_wconf 93' lang='lat' dir='ltr'>in</span> <span class='ocrx_word' id='word_1_821' title='bbox 1207 5319 1302 5388; x_wconf 82' lang='lat' dir='ltr'>ilernp.</span> <span class='ocrx_word' id='word_1_822' title='bbox 1318 5315 1508 5378; x_wconf 86' lang='lat' dir='ltr'>introducatur,</span> <span class='ocrx_word' id='word_1_823' title='bbox 1523 5313 1704 5366; x_wconf 87' lang='lat' dir='ltr'>Dardanarius</span> <span class='ocrx_word' id='word_1_824' title='bbox 1720 5327 1806 5382; x_wconf 67' lang='lat' dir='ltr'>quoq:</span> 
     </span>
    </p>

    <p class='ocr_par' dir='ltr' id='par_1_23' title="bbox 1037 5395 1805 5532">
     <span class='ocr_line' id='line_1_121' title="bbox 1037 5395 1805 5470; baseline -0.009 -16"><span class='ocrx_word' id='word_1_825' title='bbox 1037 5415 1092 5456; x_wconf 80' lang='lat' dir='ltr'>cst:</span> <span class='ocrx_word' id='word_1_826' title='bbox 1111 5401 1228 5456; x_wconf 86' lang='lat' dir='ltr'>Enrcudo</span> <span class='ocrx_word' id='word_1_827' title='bbox 1248 5402 1320 5454; x_wconf 89' lang='lat' dir='ltr'>euim</span> <span class='ocrx_word' id='word_1_828' title='bbox 1343 5409 1442 5452; x_wconf 81' lang='lat' dir='ltr'>tantam</span> <span class='ocrx_word' id='word_1_829' title='bbox 1467 5398 1570 5470; x_wconf 87' lang='lat' dir='ltr'>copiam</span> <span class='ocrx_word' id='word_1_830' title='bbox 1600 5395 1700 5461; x_wconf 82' lang='lat' dir='ltr'>elficit,</span> <span class='ocrx_word' id='word_1_831' title='bbox 1719 5405 1748 5448; x_wconf 91' lang='lat' dir='ltr'>ut</span> <span class='ocrx_word' id='word_1_832' title='bbox 1768 5396 1805 5448; x_wconf 83' lang='lat' dir='ltr'>its</span> 
     </span>
     <span class='ocr_line' id='line_1_122' title="bbox 1643 5492 1655 5532; baseline 0 0"><span class='ocrx_word' id='word_1_833' title='bbox 1643 5492 1655 5532; x_wconf 72' lang='grc' dir='ltr'>Β</span> 
     </span>
    </p>
   </div>
   <div class='ocr_carea' id='block_1_14' title="bbox 0 0 2216 6340">
    <p class='ocr_par' dir='ltr' id='par_1_24' title="bbox 0 0 2216 6340">
     <span class='ocr_line' id='line_1_123' title="bbox 0 0 2216 6340; baseline 0 9"><span class='ocrx_word' id='word_1_834' title='bbox 0 0 2216 6340; x_wconf 95' lang='lat' dir='ltr'> </span> 
     </span>
    </p>
   </div>
  </div>
 </body>
</html>
