4482 6328
531 473 579 546 mi
979 472 1165 530 urrunnun-
1178 471 1259 526 xmr.
1280 463 1447 526 cirurri
1857 472 1905 540 „5

438 579 494 622 turn
510 575 625 621 nemrim
640 559 811 618 haereditarii
818 563 901 634 sepit,
916 562 961 617 sed
972 564 1019 616 ubi
1032 563 1137 616 leudona
1148 569 1182 616 es'
1230 569 1355 620 cessorem
1374 567 1403 618 in
1421 564 1567 618 uniuersum
1579 563 1626 630 ius,
1639 553 1708 634 quod
1722 553 1858 619 defunctus
1875 566 1975 634 drmit,

437 658 512 718 paeto
522 657 549 700 et
560 643 725 716 providentia
743 647 878 714 praevalet.
891 647 1005 698 liiixtum
1018 662 1078 700 vero
1089 645 1185 698 exinde
1229 649 1270 701 uti
1287 648 1392 715 dejure
1410 648 1582 716 imperiturio
1599 645 1672 700 cirili
1690 663 1742 698 uon
1761 646 1904 703 dubitetur.
1965 658 1968 666 '

437 733 590 800 appellatur,
607 729 676 799 qoud
692 729 778 780 nullus
795 728 1004 781 descendentium
1026 729 1184 793 admittatur,
1267 730 1319 784 Sed
1335 730 1404 800 qnod
1421 729 1564 782 [nichium
1576 729 1715 794 concernit,
1733 732 1789 798 ejus
1805 731 1910 800 quidem
1927 747 1974 784 ru·
2015 737 2046 780 tt

437 813 495 864 nisi
510 811 589 866 simul
607 809 792 863 haereditatem
805 811 947 878 agnoverit.
964 810 997 864 Et
1013 811 1072 864 talia
1088 811 1117 864 in
1133 811 1184 862 ele‘·
1232 812 1378 866 utoritsteu's
1397 811 1482 880 magni
1501 811 1605 880 semper
1620 810 1741 876 iacimus,
1761 827 1808 886 nee
1825 813 1904 866 istum·
1926 821 1975 866 ιιιιὲ

440 904 541 946 ctoratu
557 905 583 948 et
599 891 717 944 Marciis
734 892 1086 963 Brundeburgensipiersque
1102 901 1130 946 et
1145 907 1186 944 re·
1234 899 1309 961 gueni
1327 892 1359 947 ab
1375 893 1466 946 eodem
1484 893 1643 959 recedimus,
1661 894 1716 946 nisi
1733 895 1790 965 ipsa
1806 893 1902 948 veritas
1925 895 1976 948 hoe

438 977 564 1045 guiariter
581 975 669 1030 omnis
685 973 760 1028 feuda
777 991 840 1039 esse,
853 984 971 1030 nentem
989 974 1051 1028 ierit
1067 975 1186 1044 lioppen.
1233 974 1332 1040 iubent:
1349 985 1505 1046 quapropter
1520 993 1554 1028 ne
1571 975 1671 1030 diutius
1683 975 1784 1030 obsnre
1798 976 1874 1031 nobis
1890 977 1977 1032 ridea-

441 1061 520 1114 deeis.
540 1071 581 1136 so.
598 1069 625 1112 et
642 1069 683 1110 ts.
703 1058 857 1112 Prucisman.
869 1074 941 1112 conr.
955 1069 978 1110 s.
991 1075 1018 1110 n.
1038 1068 1096 1110 tot.
1114 1056 1187 1112 eliis·
1235 1067 1288 1120 tur,
1304 1053 1498 1110 rffirmirenou
1508 1065 1635 1124 veremur,
1649 1058 1748 1111 ntinne
1765 1059 1934 1112 mecessionis
1945 1061 1977 1113 in

375 1151 404 1194 it
442 1161 492 1214 que
515 1139 544 1194 in
569 1140 642 1194 loeis·
668 1129 707 1208 iit,
723 1140 752 1192 in
777 1139 905 1206 ejusmodi
931 1138 1002 1200 ieudi
1024 1138 1187 1196 concessione
1234 1139 1422 1193 haereditatem
1438 1139 1583 1194 allodislem
1600 1151 1625 1195 et
1640 1139 1746 1194 feudum
1763 1141 1851 1205 sirnui,
1869 1139 1977 1194 feudum

442 1221 741 1293 sequentemoisserrari
764 1222 858 1275 debere
882 1224 1035 1276 clausulam:
1051 1237 1102 1291 pro
1120 1230 1147 1273 te
1163 1229 1188 1272 et
1234 1217 1339 1292 sliquo'd
1371 1217 1514 1295 improprie
1543 1223 1746 1278 haereditarium
1777 1224 1870 1278 inerti.
1897 1225 1979 1278 Neruo

432 1307 508 1378 filiis
524 1317 550 1360 et
567 1305 726 1359 haeredibus
744 1304 810 1372 tuis,
828 1305 905 1358 habet
922 1305 1012 1358 Ludus.
1031 1303 1060 1358 in
1077 1307 1187 1374 &nopes
1237 1303 1307 1357 euim
1325 1301 1486 1358 inficiabitur
1498 1309 1582 1376 legens
1599 1307 1674 1372 hanc,
1685 1317 1714 1360 ιιι
1727 1324 1855 1361 suecessor
1872 1307 1980 1362 ieudelis

446 1407 469 1442 e.
490 1398 513 1440 ι.
529 1407 555 1458 p.
575 1400 620 1440 to.
1235 1385 1265 1438 in
1279 1386 1354 1440 ieudo
1373 1403 1404 1441 ex
1422 1399 1498 1459 paeto
1512 1389 1709 1459 etpruridentia
1721 1407 1774 1442 nun
1788 1389 1913 1455 suecedet,
1926 1391 1982 1442 uisi

479 1474 577 1525 liiultas
594 1469 698 1526 mend.
712 1471 890 1524 altercationes
907 1482 1051 1542 praetereo,
1063 1486 1106 1522 eas
1117 1483 1190 1540 prse-
1238 1477 1265 1522 et
1280 1469 1466 1525 Ιιιειιᾶὶιιιοπι
1485 1469 1632 1528 allodialem
1650 1483 1775 1546 acceptet,
1791 1473 1872 1527 ieudo
1889 1489 1921 1526 ex
1939 1492 1982 1544 pa-

330 1619 334 1626 ,
446 1558 549 1624 sertim,
566 1574 628 1628 quas
645 1557 756 1610 excitare
768 1557 851 1624 solent
867 1557 896 1609 iu
914 1557 1120 1626 questionesan
1133 1555 1189 1608 ien-
1237 1559 1280 1602 cto
1296 1563 1321 1605 et
1338 1553 1505 1623 pruvidentiu
1521 1571 1554 1608 ex
1571 1572 1598 1608 se
1616 1574 1670 1610 nou
1687 1556 1780 1609 inesse.
1799 1557 1875 1626 Quod
1893 1557 1916 1609 si
1933 1557 1982 1626 igi·-

448 1642 510 1694 dnm
529 1640 728 1696 haereditarium
745 1640 854 1691 mistum
871 1655 1019 1692 eoncessum
1036 1653 1134 1708 quoque
1150 1635 1192 1686 di·

449 1737 519 1778 eatur
537 1724 655 1792 sequenti
667 1721 789 1783 formula
801 1738 855 1790 ¹pru
872 1731 897 1773 te
914 1729 942 1772 et
958 1719 1111 1772 haeredibus
1124 1717 1190 1770 tuis:

450 1808 518 1876 quod
541 1817 666 1878 assereret
690 1805 802 1859 Andreas
821 1803 901 1854 liniri.
919 1803 1040 1858 Emeruit.
1062 1814 1083 1854 t.
1103 1818 1130 1853 n.
1149 1810 1191 1852 rs.

450 1887 678 1946 Sufficientissime
695 1897 781 1940 autem
799 1884 902 1947 refutat,
921 1885 1045 1936 ltosentis.
1062 1883 1148 1934 aunei.
1168 1891 1191 1932 ι.

451 1993 479 2044 q:
503 1985 543 2028 ιι.
563 1990 590 2027 n·
608 1984 632 2025 s.
650 1973 682 2042 iis
699 1971 823 2022 ttermau.
849 1969 944 2033 Vulsci.
968 1966 1013 2019 lii.
1034 1979 1055 2018 ι.
1074 1962 1194 2033 defined.

387 2067 416 2108 ir
451 2074 474 2110 e.
494 2071 517 2110 e.
536 2075 562 2110 n.
582 2067 623 2110 rt.
641 2053 724 2108 Labor
741 2061 828 2104 noster
845 2059 945 2102 tanturn
962 2050 1024 2112 erit,
1041 2048 1195 2100 demonstra·

452 2156 490 2206 re,
505 2140 648 2204 formulam,
664 2155 712 2206 pro
731 2145 765 2198 te,
772 2132 846 2204 filiis
862 2142 888 2185 et
903 2131 1059 2186 haeredibus
1070 2131 1195 2199 tuisope·

454 2223 508 2276 ruri
525 2223 627 2275 feudum
637 2218 747 2290 'aliquod
774 2215 917 2286 improprie
942 2213 1151 2270 haereditarium.
1166 2223 1195 2264 -ι,

454 2305 523 2374 Quin
538 2305 644 2358 omuino
665 2301 790 2356 differunt
814 2299 912 2367 pacisci
930 2315 978 2367 pro
996 2315 1023 2351 se
1041 2314 1073 2350 ex
1091 2294 1156 2349 filiis
1172 2309 1198 2350 et

455 2387 618 2444 haeredibus.
637 2385 725 2438 Primo
744 2383 814 2434 enirn
832 2397 891 2434 essu
908 2377 964 2432 lilio
980 2391 1098 2434 censetur
1123 2389 1197 2451 pater

456 2469 576 2540 stipulari
592 2479 621 2522 ut
636 2464 692 2521 filio
711 2473 828 2528 nutum,
850 2478 903 2516 non
928 2473 956 2517 nt
977 2461 1100 2529 haeredi,
1118 2481 1198 2534 usque

456 2556 569 2620 adeo7ut
581 2551 738 2606 inmeditate
749 2548 889 2617 repudiata,
898 2544 1001 2604 ieudruu
1014 2546 1122 2602 retineat
1131 2555 1196 2599 tam·

457 2655 534 2709 ιιιιιιιι
551 2635 603 2691 sihi
613 2633 762 2706 ¹qnue'situm
774 2647 807 2684 ex
819 2641 950 2684 contractu
967 2629 1142 2693 investiturser
1155 2633 1196 2684 sin

456 2731 542 2773 sutem
560 2737 608 2791 pro
624 2733 653 2770 se
669 2727 693 2770 et
708 2711 774 2767 fillis
791 2723 818 2766 et
835 2713 988 2772 haeredibus
1012 2715 1066 2768 suis
1091 2717 1199 2785 conjun-

455 2805 518 2865 ctim
535 2805 677 2874 punirentur
695 2809 776 2870 peter,
794 2797 950 2866 intelligitur
967 2793 1025 2850 isliu
1042 2799 1196 2868 stipulatum

457 2871 487 2938 ut
503 2886 617 2950 haeredi,
633 2895 665 2948 et
677 2884 738 2938 hine
750 2880 865 2936 srrceedit
880 2897 932 2934 nun
948 2896 982 2932 ex
999 2891 1141 2948 contrecto,
1154 2885 1200 2938 sed

456 2981 487 3022 ιιι
510 2971 608 3024 haeres
625 2968 701 3021 Natta
728 2981 801 3020 cuns.
827 2975 883 3016 its.
906 2962 941 3014 Et
964 2960 1061 3015 iactum
1083 2964 1198 3020 defuncti

456 3053 547 3120 utique
563 3061 690 3122 praestare
706 3049 812 3118 regitur,
830 3063 877 3100 nec
893 3043 999 3100 feudum
1011 3047 1150 3101 alienatum
1162 3066 1200 3102 re-

456 3152 544 3187 vocure
556 3129 656 3204 potest}
672 3130 745 3185 filius
763 3131 876 3195 scilicet,
889 3129 986 3198 agnetis
1005 3130 1075 3181 enirn
1088 3131 1136 3185 hoe
1149 3149 1207 3186 uon»

457 3218 632 3289 praeiudicet,
649 3216 710 3286 quia
732 3214 777 3268 isti
792 3230 825 3264 ex
841 3221 916 3282 paeto
933 3222 958 3264 et
973 3213 1134 3281 providentii
1156 3233 1199 3266 ru-

458 3311 555 3354 enntar.
575 3301 694 3368 rsQuis,
711 3309 830 3366 utsupra
849 3292 1029 3357 meminimus,
1048 3293 1200 3365 surperflui-

459 3395 532 3436 tatem
551 3383 686 3435 verborum
705 3381 826 3433 inutilem
842 3379 899 3445 jura
918 3384 1005 3428 nostra
1023 3375 1130 3446 fugiunt.

394 3479 422 3522 ts
494 3468 611 3537 Oppouit
621 3483 678 3520 sese
688 3464 764 3519 nobis
774 3477 850 3530 quum
861 3456 969 3512 maxime
979 3458 1093 3512 Andreas
1104 3460 1200 3513 Kuieh.

464 3553 495 3603 de
512 3551 760 3618 incestuorum·
781 3555 803 3597 i.
820 3563 842 3598 e.
861 3556 888 3595 2.
906 3563 933 3596 rr.
954 3552 993 3594 ii·
1007 3553 1065 3597 ete.
1080 3555 1104 3594 t.
1116 3562 1143 3595 n.
1159 3555 1200 3596 st.

461 3643 487 3685 et
502 3649 571 3700 seqq.
584 3631 749 3700 perhibens,
771 3626 876 3680 tentum
901 3625 1042 3695 improprie
1060 3625 1201 3680 haeredita·

462 3718 541 3780 rium,
561 3730 660 3766 suerum
678 3729 733 3767 esse
752 3711 889 3775 somnium,
907 3709 967 3760 dum
987 3709 1023 3761 its
1040 3709 1203 3778 argumentass

463 3808 528 3862 turp
544 3807 588 3850 aut
612 3795 721 3852 leudam
745 3793 944 3848 haereditarium
969 3793 1081 3846 mixtum
1105 3793 1202 3845 dicitur

461 3881 562 3934 ratione
579 3879 697 3942 luendis
713 3878 852 3947 sauguinis,
863 3875 1017 3930 aat'ratione
1036 3877 1203 3929 successionis

462 3965 492 4019 in
510 3962 707 4026 haereditatem,
723 3979 776 4025 seu,
794 3961 827 4013 de
846 3959 1002 4013 brendinte
1024 3957 1199 4012 beererlitutis.

470 4049 499 4102 si
518 4047 618 4100 ratione
635 4045 778 4114 sauguinis,
796 4045 865 4096 nulla
883 4040 981 4100 residet
997 4040 1145 4094 differentia
1162 4040 1200 4092 iu·

465 4141 506 4182 ter
524 4129 627 4186 tendum
644 4146 678 4184 ex
694 4141 781 4200 proto,
795 4141 819 4184 et
828 4125 1108 4196 haedorumque
1121 4124 1204 4196 quoad

465 4213 585 4266 effectum
601 4211 921 4283 aliensndi,disponendi,
930 4226 1036 4282 prorsus
1052 4227 1110 4263 curu
1127 4208 1203 4263 ieudo

465 4311 497 4348 ex
514 4303 588 4366 pactu
605 4303 633 4349 et
648 4294 809 4365 presidentia
826 4295 954 4359 conuenit,
972 4296 1035 4364 quin
1054 4294 1108 4346 imo
1118 4311 1165 4363 per
1178 4311 1206 4348 se

464 4387 490 4430 et
506 4377 547 4431 sui
564 4387 656 4433 natare
680 4379 785 4434 feudum
804 4379 1005 4434 haereditarium
1023 4387 1097 4432 etex
1116 4379 1204 4447 provi·

462 4459 550 4514 dentis
572 4461 642 4516 nihil
664 4461 783 4528 distant,
808 4464 966 4534 pensieniato
982 4459 1135 4516 succedendi
1153 4479 1206 4516 mo·

463 4544 508 4605 do,
524 4543 552 4594 iu
570 4546 759 4614 utroqueeaiu's
770 4547 856 4617 primo
870 4547 991 4602 investito
1008 4546 1159 4600 snrneditur.
1175 4547 1205 4599 Si

463 4631 549 4676 autem
566 4627 666 4680 ustione
681 4627 852 4682 sanationis
869 4627 898 4680 in
914 4627 1102 4694 mussitarem,
1114 4645 1142 4681 ea
1152 4647 1205 4682 nm·

464 4704 537 4772 plius
554 4723 606 4758 non
625 4716 665 4760 est
682 4708 711 4760 in
729 4718 834 4775 nutare,
855 4710 945 4763 statim
963 4712 1090 4781 reprimi
1109 4729 1207 4766 moces-

465 4805 508 4840 501'
524 4787 711 4848 htertdlietotn
728 4794 784 4860 ejus
803 4792 883 4858 adiit,
903 4793 1041 4864 deotaque
1064 4796 1147 4866 ipsius
1164 4815 1207 4868 pa·

1238 1641 1280 1686 tur
1297 1633 1354 1700 hoc,
1373 1637 1432 1705 quis
1449 1647 1562 1708 negaret,
1575 1637 1729 1707 degenerare
1747 1638 1852 1691 feudum
1866 1640 1984 1711 expecto

1240 1727 1266 1770 et
1283 1721 1463 1788 prouidentia,
1482 1723 1511 1775 iu
1529 1723 1671 1794 irregulare
1691 1723 1818 1793 aliquod,
1842 1723 1985 1794 improprie

1239 1801 1360 1856 videlicet
1381 1805 1591 1860 haerditmium.
1609 1806 1697 1875 Neque
1719 1806 1841 1875 infringit
1863 1806 1911 1859 hue
1934 1813 1982 1857 nu·

1240 1893 1323 1948 strum
1341 1897 1482 1953 assertum,
1498 1889 1565 1958 qnod
1583 1885 1639 1940 filio
1659 1889 1745 1960 primo
1769 1889 1840 1960 patri
1865 1887 1986 1942 investito

1243 1967 1404 2036 succedente,
1423 1972 1520 2026 desinat
1537 1972 1737 2026 increditarium
1755 1989 1827 2036 esse,
1846 1971 1986 2043 responde·

1242 2061 1285 2103 tur
1302 2051 1396 2119 enirn,
1419 2053 1538 2107 desinere
1560 2053 1666 2126 quidem
1684 2054 1885 2109 haereditarium
1908 2071 1985 2119 esse,

1226 2145 1376 2204 *postquam
1400 2153 1529 2211 successor
1555 2135 1658 2207 primi,
1682 2137 1870 2190 comessionem
1894 2137 1989 2190 adierit

1243 2217 1330 2286 primo
1346 2218 1473 2282 investiti,
1492 2219 1591 2272 ratione
1607 2229 1692 2271 autem
1710 2218 1819 2272 ulterius
1830 2217 1987 2272 descendeu-

1243 2300 1310 2352 tiurn
1323 2309 1350 2352 et
1359 2300 1548 2352 succedentium
1567 2300 1709 2370 improprie
1723 2300 1923 2355 haereditarium
1937 2319 1991 2353 rna·

1246 2399 1316 2445 nere,
1334 2383 1394 2450 quia
1406 2383 1435 2434 hi
1448 2385 1585 2436 successuri
1599 2386 1627 2436 iu
1640 2383 1717 2436 feuda
1730 2401 1834 2438 snorum
1852 2395 1991 2458 parentum

1245 2465 1428 2520 hoereditatem
1444 2466 1589 2520 allodialem
1605 2482 1722 2522 recusare
1739 2487 1789 2522 non
1807 2479 1943 2540 poterunt:
1955 2468 1992 2521 ei-

1245 2545 1350 2617 quidem
1370 2550 1409 2617 jus
1428 2549 1495 2618 quod
1519 2551 1547 2602 in
1574 2550 1649 2604 leudo
1671 2549 1783 2616 habent,
1808 2567 1861 2603 nou
1885 2561 1938 2604 iarn
1961 2545 1993 2602 ex¹

1247 2629 1333 2700 primo
1351 2631 1489 2698 investito,
1514 2651 1589 2702 quam
1608 2651 1639 2686 ex
1656 2645 1762 2705 parente
1780 2651 1826 2686 suo
1843 2635 1872 2686 in
1889 2653 1933 2688 eos
1950 2633 1994 2686 de-

1247 2717 1354 2768 rivulum
1372 2724 1420 2780 est,
1438 2731 1515 2784 qnam
1536 2733 1596 2770 sane
1616 2717 1711 2784 injuria
1724 2715 1860 2771 efficerent
1872 2718 1992 2780 maxims,

1247 2799 1270 2850 si
1289 2800 1353 2852 bona
1378 2797 1486 2852 distrelsi
1505 2801 1573 2854 avita
1597 2820 1610 2853 a
1640 2800 1813 2854 creditoribus
1830 2811 1994 2871 paterentur,

1247 2881 1317 2950 qnod
1334 2889 1449 2934 sunctum
1467 2883 1509 2950 jus
1526 2895 1642 2936 nostrum
1666 2883 1754 2954 utique
1775 2881 1929 2953 probrosum
1953 2885 1993 2952 ju-

1249 2964 1351 3018 dicarit.
1368 2966 1421 3019 Nec
1438 2965 1685 3036 exinde'seqnitur,
1704 2967 1773 3036 quod
1792 2965 1922 3020 Knieisius
1939 2983 1993 3019 mo·

1248 3059 1300 3113 net,
1317 3048 1499 3103 haereditatem
1510 3049 1677 3104 haereditatis
1689 3047 1759 3116 fieri,
1771 3049 1838 3120 quod
1852 3049 1993 3104 absurdum

1248 3133 1345 3184 uostris
1367 3133 1535 3204 temporibus.
1552 3135 1582 3187 ln
1600 3143 1720 3203 promptu
1744 3135 1815 3188 enirn
1833 3144 1873 3188 est
1890 3150 1995 3203 respon-

1250 3213 1305 3275 sio,
1331 3221 1447 3284 respectu
1478 3214 1566 3268 ultimi
1597 3205 1742 3269 decedentis
1773 3232 1864 3268 noram
1894 3229 1996 3284 semper

1249 3295 1430 3349 haereditatem
1447 3297 1567 3350 existere·
1587 3297 1712 3368 Quamuis
1737 3297 1808 3351 enirn
1828 3298 1890 3350 dum
1908 3297 1994 3368 primu

1249 3377 1373 3430 investito
1391 3379 1546 3445 succeditur,
1565 3381 1732 3434 haereditatis
1755 3379 1917 3434 succedentis
1934 3396 1995 3450 pre·

1249 3461 1334 3530 pr'um
1352 3457 1482 3516 efficiatur
1503 3464 1711 3536 patrimonium,
1737 3465 1825 3538 sicque
1848 3463 1995 3518 haereditat

1249 3560 1305 3596 csse
1322 3543 1438 3610 desinst3
1458 3545 1506 3598 hoe
1526 3556 1627 3611 umen,
1652 3546 1697 3616 qui
1721 3545 1787 3601 olim
1813 3543 1903 3618 liseres
1926 3553 1996 3606 erat,

1251 3629 1345 3680 iterum
1364 3627 1500 3692 moriente,
1518 3645 1649 3682 successor
1662 3631 1717 3696 ejus
1730 3623 1802 3681 filius
1814 3643 1895 3680 nouos
1906 3626 1996 3678 inseres
2010 3639 2013 3646 ·

1250 3719 1368 3782 respectu
1390 3709 1478 3764 ultimi
1500 3711 1602 3763 vassalli
1625 3707 1782 3773 morientis,
1806 3707 1996 3770 constituitur,

1250 3793 1403 3864 feudumqne
1425 3793 1596 3847 haereditaria
1617 3793 1738 3864 qualitate
1768 3793 1852 3846 denuo
1873 3788 1997 3845 efficitur.

1251 3879 1337 3943 Com,
1361 3878 1402 3928 uti
1428 3875 1550 3941 dictum,
1574 3894 1731 3930 successores
1758 3873 1940 3928 descendentes
1956 3875 1998 3940 jus

1251 3978 1326 4015 suum
1344 3977 1397 4014 nou
1414 3972 1465 4014 tarn
1483 3977 1515 4012 es
1533 3961 1618 4031 prima
1641 3960 1806 4025 investitura,
1824 3975 1901 4029 φιιιιι
1919 3976 1933 4009 a
1951 3973 1998 4008 suo

1251 4044 1339 4118 quisq3
1356 4053 1464 4115 parente
1481 4045 1667 4100 nanciscantur.
1687 4043 1744 4116 Quo
1762 4041 1819 4113 ipso
1836 4038 1999 4094 satisfactum

1252 4126 1367 4179 Kniclrio
1394 4121 1560 4179 arbitramur.
1579 4125 1706 4194 'Reliquos
1734 4122 1920 4177 dissentientes
1949 4137 1999 4185 eo,

1252 4211 1322 4279 quod
1339 4210 1487 4262 uocabulum
1505 4209 1595 4262 haeres
1612 4221 1783 4260 successorem
1802 4206 1831 4257 iu
1849 4203 1999 4258 uniuersum

1254 4293 1303 4359 jus,
1320 4291 1388 4366 quod
1407 4289 1543 4344 ‹ieiunetus
1559 4289 1658 4354 habuit,
1676 4289 1791 4354 denotet,
1802 4297 1828 4341 et
1838 4285 1932 4340 exinde
1945 4283 2004 4337 leu-

1253 4374 1315 4427 dum
1334 4390 1405 4428 mere
1423 4373 1625 4427 haereditarium
1652 4369 1765 4437 efficiat,
1789 4369 1876 4440 ipsum
1894 4370 1935 4436 jus
1953 4383 2001 4417 uo-

1254 4468 1334 4510 strum
1353 4457 1453 4511 initiale
1471 4458 1581 4528 repellit,
1598 4457 1695 4529 quippe
1713 4453 1780 4525 quod
1800 4450 1917 4506 isneredis
1930 4467 2003 4502 roes·

1253 4540 1343 4594 eubulo
1360 4555 1407 4611 pro
1423 4555 1582 4609 quocumque
1599 4552 1744 4591 successore
1761 4535 1860 4604 utitur,
1884 4532 1951 4604 quud
1970 4549 2003 4583 ex

1255 4623 1402 4678 inductione
1419 4611 1592 4693 plurimorum
1611 4621 1746 4674 titulorum
1764 4619 1817 4683 Dd,
1836 4637 1851 4672 ιι
1869 4626 1940 4686 parte
1958 4633 2005 4667 no-

1255 4714 1308 4763 stra
1325 4717 1438 4773 stamen,
1463 4706 1602 4770 evincunt,
1626 4703 1758 4758 rideantur
1776 4699 1927 4773 praesertim
1949 4697 2005 4750 Do·-

1257 4795 1340 4849 St'r'uu.
1358 4787 1478 4858 deseud.
1496 4807 1518 4842 e.
1539 4800 1562 4840 t.
1585 4787 1659 4840 ties.
1682 4795 1720 4839 ii.
1739 4803 1766 4837 n.
1787 4797 1810 4838 ε.
1828 4784 1863 4836 Et
1880 4775 1958 4836 Niell.
1971 4781 2004 4832 de

465 4869 619 4924 trimouium
636 4871 706 4939 init,
720 4881 770 4926 nse
786 4876 898 4944 amplius
920 4877 1065 4933 baereditas
1081 4889 1208 4934 oensetur.
1248 4877 1328 4952 find.
1353 4871 1421 4946 disp.
1435 4873 1517 4944 fiad.
1540 4888 1562 4928 ι.
1586 4873 1660 4926 rien
1682 4881 1721 4924 io.
1741 4881 1767 4926 et
1786 4869 1909 4925 schoner.
1934 4865 2002 4934 disp.

464 4953 533 5020 Ergo
543 4969 597 5006 uon
608 4953 684 5008 datar
695 4955 893 5012 hrereditariuna
910 4961 1032 5014 mixtum.
1044 4963 1147 5016 Deinde
1158 4981 1209 5017 non

468 5035 642 5106 paueinolsis
659 5038 859 5106 contrariantnr,
874 5059 984 5112 qaorum
1000 5045 1092 5115 opinio
1110 5057 1159 5112 est,
1177 5063 1209 5100 er

467 5115 613 5186 adjectione
631 5117 700 5172 roris
716 5117 842 5187 inseiis,
860 5140 913 5176 nun
931 5126 1122 5192 mistuwoi
1140 5145 1210 5182 mere
1259 5129 1292 5181 ad
1310 5146 1349 5193 ea,
1368 5144 1430 5200 quae
1448 5121 1660 5179 altercationibus
1677 5119 1727 5172 Dii·
1747 5117 1878 5182 wimiis
1895 5131 1946 5168 ¹¹⁰⁰
1965 5124 2005 5165 ¹⁸·

467 5199 667 5264 inmeditarinra
685 5205 803 5274 &omasi
821 5204 941 5274 ieudumg
954 5227 986 5264 ex
998 5212 1047 5264 hoe
1058 5210 1210 5266 iundemen-
1258 5223 1320 5264 men
1338 5207 1471 5263 intricatio
1484 5208 1597 5275 subiecta
1610 5202 1762 5266 ancelinus,
1776 5201 1926 5271 priusquam
1945 5212 2009 5247 enu-

469 5291 506 5352 to,
523 5282 591 5355 qued
608 5285 755 5344 minuo
772 5289 889 5346 haeredis
908 5294 1014 5349 denotet
1030 5296 1137 5368 proprie
1154 5313 1212 5376 ιιιι·ΙᾸ
1260 5295 1402 5351 meratione
1417 5289 1546 5349 uariarum
1564 5289 1735 5344 clausularum
1759 5297 1897 5354 earumque
1920 5292 2008 5331 now·

1248 4960 1328 5032 send·
1342 4966 1371 5011 i.
1389 4957 1453 5010 ties.
1473 4967 1514 5010 ti.
1529 4973 1578 5026 per
1594 4955 1732 5026 integram.

1295 5040 1472 5103 dissolvimus,
1489 5057 1554 5110 quae
1571 5035 1689 5091 intricata
1707 5033 1877 5099 ridebantur,
1895 5031 2004 5100 ideoque
2044 5039 2076 5095 rs
