4504 6344
349 541 401 606 4¹5
654 528 703 584 DE
723 521 902 584 sumsero
919 515 1095 574 sustituit
1115 511 1230 568 ntNttt
1249 509 1287 566 tlt
1306 510 1482 565 sommus.
1741 501 1792 570 tili

279 635 324 692 sed
343 645 370 691 et
388 635 500 703 insuper
519 629 658 702 probumla
685 628 717 681 ab
743 625 848 687 rodoma
869 619 966 675 JCtrss.
995 617 1048 668 Du.
1099 613 1206 686 possit,
1231 609 1362 682 cogendus
1380 609 1434 662 erit
1451 603 1586 669 creditor,
1613 613 1642 657 ut
1666 603 1732 658 alias
1749 619 1792 656 res
1808 603 1867 656 luco

278 723 380 776 Brunn·
411 721 580 788 Praeceptor
604 730 678 768 meus
705 719 822 766 aetutem
846 701 1049 760 devenercndus
1100 699 1225 771 pecuniae
1242 698 1272 751 in
1291 697 1403 748 solmam
1427 691 1547 762 accipiat·
1565 692 1592 745 d.
1611 691 1682 743 Nou.
1701 701 1724 740 t.
1741 709 1764 743 e.
1784 701 1808 742 ι.
1826 687 1868 740 Ex

282 809 435 860 Commeat.
451 801 517 856 Cod.
530 801 567 852 ad
578 803 610 853 B.
629 811 669 850 tt.
680 797 713 849 de
723 788 1050 856 solatium'l'rentacinqu.
1100 799 1151 852 quo
1170 781 1232 836 satis
1251 778 1340 833 uadit
1355 779 1466 842 clarum,
1480 793 1532 828 uon
1544 774 1705 847 simpliciter
1724 789 1866 844 pauperem

278 890 296 944 1.
318 901 341 942 ι.
359 887 405 940 tit.
429 885 462 940 de
486 883 566 937 solut.
585 880 676 936 Resol.
702 891 744 932 ts.
770 897 797 930 a.
824 889 848 928 s.
871 871 1000 928 Mascard.
1019 867 1051 921 de
1101 885 1158 920 esse
1171 863 1385 935 intelligendum,
1402 862 1449 934 qui
1466 861 1507 917 rel
1525 859 1659 924 nibil,'sel
1672 859 1794 928 exiguam
1807 873 1869 928 pos·

280 973 393 1039 prodat.
411 970 470 1024 oui.
487 967 607 1022 t.eoael.
625 977 668 1017 ιι.
687 983 715 1017 a.
739 975 766 1015 tt
786 961 913 1014 blanud.
936 955 1049 1010 rader.
1101 949 1169 1006 sidet
1197 951 1241 1006 sed
1261 951 1331 1004 huuc
1347 965 1488 1019 pauperem
1511 963 1568 1000 esse
1592 944 1801 1009 nominandum,
1820 941 1867 1014 qui

211 1071 213 1078 ’
287 1069 310 1110 ι.
332 1077 376 1129 qu.
397 1067 421 1108 t.
440 1066 467 1108 et
485 1065 509 1105 t.
526 1051 585 1106 Non
603 1045 794 1118 attento,quod
812 1046 876 1098 alias
896 1041 1051 1112 regulariter
1102 1037 1147 1090 illa
1166 1053 1203 1103 re,
1222 1053 1299 1106 quam
1319 1036 1417 1089 solvere
1435 1031 1555 1098 debebat,
1572 1040 1615 1084 est
1631 1028 1783 1084 destitutus.

282 1141 365 1196 actori
390 1138 523 1192 incumbat
544 1134 676 1207 probandi
701 1147 786 1194 onus,
812 1135 859 1200 per
877 1130 909 1181 L.
931 1138 953 1177 ι.
975 1134 1001 1178 et
1019 1125 1052 1176 t.
1139 1121 1199 1174 Nau
1217 1131 1305 1174 autem
1324 1120 1462 1173 immerito
1479 1116 1524 1170 iric
1543 1115 1662 1171 dubitare
1687 1114 1778 1179 subit,
1803 1115 1868 1186 quid

268 1238 349 1281 -unte
372 1224 470 1280 omniu
485 1219 570 1294 ruffi
584 1221 616 1274 de
627 1218 736 1288 probat.
750 1224 774 1268 et
789 1215 838 1266 boc
853 1229 904 1265 uon
924 1210 1053 1281 probante
1104 1209 1138 1262 de
1155 1225 1187 1261 eo
1206 1225 1266 1260 casu
1285 1205 1464 1270 sentiendum,
1478 1205 1500 1256 si
1512 1203 1574 1274 quis
1588 1213 1647 1256 tou.
1658 1201 1798 1272 amphoras
1812 1202 1868 1255 sini

283 1330 344 1366 reus
356 1311 505 1364 absolvatur
517 1310 549 1362 l.
556 1301 609 1376 fin.
628 1305 661 1360 C·
678 1304 705 1356 d.
725 1305 759 1355 tt.
784 1301 817 1350 V.
835 1300 891 1350 lloc
905 1297 976 1350 enim
992 1313 1052 1348 casu
1104 1293 1248 1363 accepisset
1266 1304 1353 1345 suutuo
1362 1330 1372 1356 ,
1390 1292 1439 1342 bac
1455 1289 1622 1351 conditione,
1639 1287 1708 1356 quu'd
1726 1287 1789 1340 velit
1807 1297 1870 1358 post
1922 1295 1926 1304 '

283 1397 375 1468 iuopia
395 1409 424 1448 sc
443 1402 598 1465 paupertate
615 1405 645 1441 se
662 1385 756 1440 lurdat
781 1383 898 1446 debitor,
918 1399 947 1432 ac
965 1379 1052 1432 credi·
1102 1397 1201 1432 antrum
1219 1378 1327 1433 totidem
1346 1376 1486 1445 amphoras
1504 1373 1621 1442 ejusdem
1646 1372 1773 1426 bonitatis
1791 1373 1870 1426 resti-

282 1481 334 1536 tori
354 1497 382 1532 se
399 1476 570 1531 wurenicnti
585 1471 705 1527 eamdem
721 1469 795 1540 quasi
816 1465 980 1538 exceptionis
995 1467 1051 1517 loeo
1106 1473 1194 1524 tuere:
1220 1463 1351 1518 existente
1369 1462 1414 1514 die
1432 1457 1621 1525 restitutionis,
1640 1457 1746 1514 debito,
1765 1477 1812 1512 m
1829 1459 1869 1512 ,p

270 1565 421 1636 proponit,
440 1572 471 1616 ut
489 1561 549 1614 ideo
568 1561 626 1629 iure
644 1555 742 1608 merito
754 1553 956 1606 tundamentum
975 1565 1053 1601 exce·
1104 1565 1171 1600 uum
1190 1549 1274 1612 habet,
1293 1565 1342 1600 nec
1358 1546 1391 1601 ab
1408 1546 1462 1598 ullo
1478 1544 1626 1598 concivium
1649 1542 1719 1596 idem
1743 1544 1870 1615 consequi

271 1647 386 1719 ,ptionis
405 1661 467 1699 suae
484 1643 598 1716 probare
610 1649 734 1693 teneatur.
751 1638 779 1689 Ῐ..
795 1635 949 1706 Quingeuta
966 1630 1051 1699 ¹²·ff·
1103 1645 1201 1703 potest,
1220 1633 1307 1687 ioman
1326 1641 1437 1702 propter
1454 1629 1626 1684 creber-umas
1644 1629 1760 1683 matium
1780 1646 1874 1683 mur.

282 1733 316 1786 de
331 1731 437 1803 produt.
465 1728 500 1782 lit
523 1726 641 1800 quilibet
659 1721 816 1777 intentionis
841 1729 867 1774 et
890 1716 1053 1788 allegationis
1105 1719 1212 1784 siones,
1233 1717 1389 1772 destituitur
1409 1716 1518 1787 insuper
1535 1714 1645 1786 pecunia
1664 1725 1819 1780 numerata,
1841 1725 1870 1768 ut

282 1835 344 1871 suas
356 1815 557 1870 fundamentum
572 1811 685 1884 probare
694 1805 838 1859 obstrictus
852 1813 898 1864 est,
911 1803 966 1856 sire
980 1812 1054 1854 actor
1102 1804 1312 1857 aestimationem
1340 1801 1396 1855 riui
1423 1801 1534 1855 sufferre
1553 1817 1605 1852 non
1623 1801 1725 1869 possit,
1747 1802 1816 1869 juxta
1836 1803 1866 1854 ι,

284 1901 330 1967 sit,
348 1902 403 1955 sire
422 1917 493 1961 reus,
513 1898 569 1952 sire
586 1895 670 1959 dives,
688 1892 745 1946 sire
761 1891 848 1960 inops.
867 1887 946 1958 Casp.
963 1889 1052 1940 Mune.
1107 1886 1206 1941 Vinum
1222 1899 1265 1939 ιι.
1268 1886 1311 1956 ff.
1323 1886 1350 1940 si
1359 1897 1424 1940 cert.
1435 1897 1517 1952 petat.
1531 1901 1631 1938 merces
1648 1899 1710 1937 sero
1726 1885 1799 1947 alias,
1814 1887 1868 1938 imo

255 1997 258 2006 ’
284 1985 310 2038 d.
331 1984 387 2040 dec.
403 1994 427 2034 ι.
439 1993 543 2054 praeest.
557 1991 580 2032 t.
594 1997 623 2032 ιι.
638 1989 680 2031 to.
692 1993 766 2047 sepq.
778 1973 910 2027 blascard.
923 1973 955 2026 de
965 1971 1052 2026 conci.
1102 1979 1126 2022 et
1140 1969 1288 2022 immobilia
1307 1970 1375 2022 bona
1394 1967 1524 2040 possiden
1539 1967 1684 2035 Quaeritur
1700 1966 1765 2036 quid
1781 1966 1868 2035 juris?

285 2079 328 2121 ιι.
346 2088 374 2122 ιι.
398 2081 421 2120 t.
441 2085 515 2140 seqq.
1102 2051 1142 2104 An
1162 2053 1272 2110 scilicet
1289 2063 1317 2107 et
1335 2052 1441 2110 debitor
1457 2051 1531 2117 riui,
1557 2053 1596 2104 sel
1622 2053 1730 2105 alterius
1749 2053 1866 2124 speciei,

320 2153 446 2207 Probatio
463 2160 550 2204 autem
565 2145 729 2219 paupertatis
747 2161 803 2198 non
819 2141 924 2214 quaeris
938 2139 982 2192 bic
994 2136 1050 2192 sul·
1101 2134 1192 2188 eodem
1212 2133 1341 2189 beneficio
1360 2135 1440 2189 dandi
1454 2135 1483 2188 iu
1497 2136 1612 2189 solutum
1631 2133 1749 2205 gaudeat,
1759 2155 1811 2206 quo
1824 2138 1869 2192 de·

203 2255 207 2266 ’
282 2235 354 2302 iacit,
372 2238 418 2292 sed
438 2237 507 2302 talis,
525 2249 593 2306 quse
610 2231 717 2286 evidens
734 2243 781 2295 est,
799 2242 824 2285 et
841 2227 972 2282 debitoris
990 2227 1049 2276 ino-
1099 2217 1172 2272 bitor
1198 2219 1343 2291 pecuniae?
1368 2219 1517 2274 Dubituudi
1536 2220 1605 2274 ratio
1624 2220 1653 2272 iu
1678 2237 1709 2272 eu
1732 2221 1868 2284 consistit,

284 2325 356 2396 piam
375 2323 437 2378 iacit
454 2321 602 2382 notoriam,
620 2327 663 2371 sut
679 2328 707 2370 ut
725 2317 759 2369 sd
778 2315 922 2367 minimum
941 2317 1051 2382 propter
1099 2303 1169 2373 quod
1190 2305 1371 2360 tantummodo
1394 2305 1474 2361 rerba
1500 2303 1580 2356 iaciat
1604 2303 1671 2374 lmp.
1690 2304 1723 2357 de
1742 2309 1869 2376 pecuniae

276 2407 448 2481 'probutiouis
467 2405 555 2459 forsan
573 2397 761 2455 difficultatem
780 2419 794 2452 a
813 2398 902 2467 iudice
912 2392 1049 2448 sufficiens
1101 2388 1219 2443 debitore
1231 2389 1259 2442 ia
1274 2392 1300 2444 d.
1314 2393 1382 2444 Nou.
1400 2401 1422 2443 t.
1437 2409 1460 2444 c.
1476 2403 1499 2443 ι.
1511 2387 1624 2442 tuream
1643 2405 1696 2440 uon
1715 2387 1867 2444 dubitamus

283 2493 450 2554 aestimetun
469 2487 548 2560 quod,
567 2483 697 2558 quomodo
714 2483 851 2552 contingat
868 2479 990 2552 pluribus
1003 2477 1049 2529 de·
1099 2475 1173 2529 idem
1191 2476 1225 2528 ad
1243 2495 1350 2530 omnem
1369 2477 1514 2532 debitorem
1538 2485 1638 2529 cerum
1658 2491 1714 2527 rem
1732 2477 1870 2530 restituere

283 2576 354 2631 ducit
385 2575 439 2627 Du.
465 2575 553 2626 Mans.
578 2571 605 2624 d,
622 2569 679 2623 dec.
699 2578 723 2620 ι.
741 2587 786 2639 qu.
807 2579 830 2618 t.
850 2565 943 2635 Qualis
968 2563 1048 2617 etiam
1099 2561 1253 2628 obligatum,
1273 2559 1320 2614 illa
1336 2575 1396 2614 sero
1414 2561 1580 2623 destitutum
1599 2548 1754 2612 estendere
1773 2559 1818 2612 Sic
1839 2562 1869 2614 in

282 2671 332 2724 est,
351 2660 375 2714 si
393 2659 510 2712 creditor
524 2668 616 2728 sponte
634 2652 764 2707 debitoris
782 2650 825 2702 sui
844 2649 960 2720 inopiam
972 2646 1051 2700 luerit
1099 2643 1216 2714 praelmo
1228 2662 1289 2696 casu
1306 2644 1338 2695 ud
1358 2643 1413 2696 sini
1427 2642 1627 2696 restitutionem
1646 2641 1812 2709 obligabatur
1823 2641 1870 2698 de·

282 2743 434 2811 consessus,
455 2743 501 2796 ubi
521 2739 644 2796 ulteriori
670 2736 825 2810 probatione
840 2751 893 2788 non
911 2749 978 2802 opus
1000 2740 1049 2786 est.
1100 2728 1178 2795 bitor,
1199 2739 1253 2782 tam
1273 2741 1382 2799 propter
1394 2739 1510 2799 pactum,
1524 2747 1602 2799 quam
1621 2725 1655 2780 ob
1674 2735 1792 2780 naturam
1808 2747 1867 2782 mu.

286 2825 348 2879 Nic.
366 2827 452 2896 Viget.
470 2827 488 2877 Ι.
511 2836 534 2876 ι.
554 2827 624 2876 lust.
643 2820 702 2892 jur.
725 2837 747 2872 c.
777 2831 798 2871 t.
824 2815 902 2868 modo
920 2813 1051 2868 mntessio
1101 2813 1151 2878 tui,
1169 2833 1235 2884 qnae
1252 2813 1393 2882 efflagitat,
1413 2823 1442 2866 ut
1460 2813 1551 2866 eadem
1571 2829 1624 2875 res,
1642 2825 1695 2862 uon
1713 2811 1820 2880 quidem
1838 2813 1870 2864 ia

284 2909 378 2964 idonea
395 2911 440 2974 sit,
453 2929 482 2962 ao
495 2907 639 2977 judicialis,
664 2921 754 2958 coram
777 2909 944 2974 competente
960 2899 1051 2967 judice
1101 2897 1197 2966 specie,
1219 2897 1265 2950 sed
1284 2898 1426 2968 ingerere
1449 2896 1605 2949 restituatur
1624 2896 1657 2946 Ι.
1678 2901 1703 2944 ι.
1720 2911 1763 2963 pr.
1773 2892 1816 2962 ff
1836 2895 1869 2948 ,te

284 2991 350 3046 &⁶¹²
365 2991 424 3045 Nic·
441 2993 529 3060 Vfd‘l·
546 2991 572 3044 d·
590 2990 609 3042 Ι·
629 2999 653 3040 ²·
675 2989 705 3040 C·
725 2998 750 3038 ⁸·
1101 2983 1167 3034 ltet.
1186 2981 1287 3038 Credit.
1306 2995 1330 3037 et
1348 2999 1400 3034 uou
1418 2991 1520 3036 tantum
1531 2976 1658 3047 veiusdem
1685 2977 1804 3047 generis,
1822 2980 1871 3033 sed

326 3078 378 3132 Sed
392 3079 452 3149 quis
469 3078 519 3130 boc
537 3091 660 3143 casupro
672 3085 785 3142 paupere
798 3065 943 3127 habendus,
956 3063 984 3116 id
997 3065 1049 3131 jam
1100 3083 1203 3134 quoque
1221 3065 1339 3134 ejusdem
1357 3064 1487 3117 bonitatis
1505 3067 1537 3118 h.
1557 3079 1616 3115 crau
1629 3063 1696 3134 quid
1706 3071 1829 3117 mutuum
1844 3077 1869 3116 a.

284 3162 478 3232 subiciendum.
497 3162 599 3230 Pauper
610 3157 682 3212 enim
695 3172 747 3207 non
760 3151 847 3205 ubivis
865 3149 956 3203 eodem
975 3147 1052 3200 modo
1092 3147 1133 3216 ff.
1153 3149 1179 3200 d.
1198 3149 1238 3201 tit.
1263 3151 1315 3217 jam
1342 3157 1429 3201 autem
1455 3147 1511 3200 sini
1536 3147 1607 3198 nulla
1632 3146 1736 3198 rutinae
1759 3127 1880 3216 cumpo,

284 3248 429 3318 accipitur;
449 3244 584 3298 interdum
599 3251 626 3295 et
639 3255 730 3294 auarus
745 3255 790 3310 pro
803 3253 916 3308 paupere
933 3232 1049 3296 babetur,
1102 3228 1159 3285 lieri
1180 3239 1266 3302 potest
1283 3231 1397 3294 debitor,
1414 3231 1535 3304 quamvis
1553 3231 1668 3284 creditor
1683 3229 1754 3284 ideru
1766 3241 1867 3300 urgeat,

271 3349 317 3383 ,ea
335 3339 424 3384 mente
440 3325 630 3398 sapientissimi
649 3327 781 3378 Senecae:
799 3319 934 3374 interdum
953 3337 1000 3389 pro
1010 3335 1049 3379 eo,
1101 3319 1191 3373 suadet
1207 3335 1270 3388 ergo
1287 3319 1439 3382 necessitas,
1455 3319 1558 3373 utullus
1578 3333 1619 3371 res
1638 3319 1694 3371 loeo
1712 3317 1768 3370 sini
1782 3321 1813 3371 in
1826 3335 1869 3370 so-

283 3419 328 3486 qui
348 3416 416 3471 tilae
434 3413 537 3468 uilitate
556 3409 672 3462 effidem!
691 3415 745 3468 ⁰⁵2:
765 3417 791 3458 el
813 3421 912 3476 ptuper
933 3401 1049 3472 quando·
1099 3405 1182 3458 lutum
1196 3405 1307 3475 accipiat
1321 3405 1446 3467 creditor,
1459 3412 1486 3456 et
1505 3405 1543 3456 ita
1562 3402 1720 3464 debitorem,
1735 3401 1870 3472 tamquam

283 3519 336 3572 *1¹¹0
354 3501 451 3554 ‘¹30th
471 3499 526 3560 illes
545 3511 623 3566 quem
642 3500 745 3563 ⁰P⁰ll⁰i
761 3489 890 3552 himma
909 3497 939 3539 ¹¹⁸
955 3487 1050 3548 titium
1102 3507 1251 3562 pauperem,
1270 3487 1318 3541 boc
1336 3483 1468 3542 beneficio
1484 3489 1523 3540 uti
1543 3487 1670 3557 patiatur,
1688 3484 1800 3556 Magnis.
1816 3487 1882 3539 Du..

284 3585 347 3640 iude
367 3585 465 3640 dicitur
481 3581 562 3636 etiam
581 3595 681 3650 pauper
708 3576 772 3638 ille,
797 3574 843 3644 qui
867 3573 938 3626 nibil
956 3571 1050 3650 babet,
1102 3575 1382 3628 liiclster.comment.
1403 3573 1443 3625 ud
1458 3573 1542 3627 Autit.
1557 3573 1620 3625 Ilus
1638 3571 1694 3625 ιιιὶιί
1710 3572 1868 3628 debitumc.

283 3668 430 3741 gluscfin.
451 3669 478 3722 ⁸⁹²¹
497 3669 532 3720 l·
551 3662 628 3733 ⁹·ff·
644 3665 679 3716 de
698 3661 802 3712 13²⁰&-
826 3659 918 3712 TW·
937 3657 987 3710 Vel
1004 3656 1049 3727 φιῐ
1101 3662 1135 3714 dc
1150 3663 1231 3715 solut.
1251 3679 1279 3713 rs.
1302 3673 1325 3714 t.
1344 3660 1406 3714 sota.
1421 3659 1537 3729 Coppen.
1550 3658 1629 3712 decis.
1648 3677 1693 3728 pu.
1713 3669 1756 3711 ιι.
1776 3677 1805 3712 ιι.
1828 3669 1868 3710 te.

284 3772 336 3806 nou
357 3754 435 3807 babet
451 3749 643 3823 quinquaginta
655 3761 749 3799 aureos
767 3747 798 3798 L.
817 3742 953 3796 Nonnulli
969 3736 1052 3807 tuff.
1103 3749 1155 3800 nn,
1175 3741 1500 3798 P0102‚00m„„„„00,1,
1518 3743 1545 3796 d,
1565 3753 1584 3794 ι,
1602 3744 1635 3796 d,
1652 3742 1704 3795 501,
1715 3759 1743 3794 η,
1757 3753 1781 3793 9,
1794 3759 1867 3812 „W

287 3840 319 3893 ‘¹0
347 3835 633 3904 ‹4⁶0⁰5112·C⁰i⁸fl·l·
655 3843 693 3884 ¹⁷·
715 3831 778 3884 0⁶⁸·
797 3841 838 3882 ³⁰·
857 3825 955 3897 tufa.
972 3824 1052 3877 Μῡῦῠ
1136 3829 1291 3893 Caeterum,
1317 3827 1380 3879 darm
1400 3837 1603 3898 paupertatem,
1630 3825 1686 3880 sire
1704 3826 1744 3878 rei
1763 3825 1868 3878 debitae
1907 3835 1950 3878 ιι·

283 3947 332 3999 1)ῐο
350 3945 389 3989 ²⁰2
407 3924 453 3994 qui
471 3939 520 3976 ¹¹0⁰
538 3919 616 3980 bonta
635 3933 683 3969 Μ
701 3925 792 3975 etiem·
813 3929 861 3964 ΜΩ
880 3910 978 3962 divites
989 3925 1050 3961 0⁰1¹-
1100 3913 1231 3966 deiectum
1253 3911 1281 3963 in
1300 3909 1421 3964 debitore
1441 3911 1589 3963 necessario
1607 3909 1811 3980 requisitimus,
1839 3909 1868 3961 id

266 4012 446 4084 ‚sanguineos
471 4005 559 4060 habet.
585 4001 663 4055 Haud
688 4017 747 4054 raro
771 3999 848 4053 etiam
872 4013 920 4065 pro
939 4013 985 4057 eo,
1003 3996 1047 4064 qui
1101 3997 1140 4049 ita
1157 3996 1319 4066 simpliciter
1329 3998 1449 4047 uolumus
1462 4003 1604 4064 acceptum,
1625 3993 1658 4046 de
1674 3993 1748 4045 omni
1768 4010 1867 4063 paupe-

285 4113 379 4167 paucm
400 4092 520 4147 ostiatim
539 4102 666 4159 quaerere
691 4083 877 4154 compeditum
902 4097 951 4151 qua
971 4080 1005 4134 de
1022 4097 1051 4132 re
1102 4096 1139 4140 re,
1157 4079 1203 4148 qui
1221 4078 1312 4148 quasis
1330 4079 1433 4132 ratione
1451 4075 1486 4130 ad
1503 4079 1602 4130 incitas
1616 4076 1734 4129 redactus
1753 4085 1803 4139 est,
1822 4075 1884 4128 sadv

275 4181 404 4253 'pluribus
433 4176 519 4232 sideri
548 4183 658 4244 possunt
683 4167 791 4222 tractu.
820 4167 855 4219 de
883 4165 993 4234 liupger.
1021 4165 1049 4218 ic
1101 4163 1134 4217 de
1152 4165 1200 4220 illo
1217 4173 1325 4226 tantum,
1344 4163 1393 4232 qui
1409 4179 1477 4224 usu,
1498 4177 1528 4214 ac
1546 4157 1874 4223 toamnaa-tutttumta·

291 4267 420 4321 Tdesuur.
432 4261 506 4334 juris
529 4277 585 4313 voc.
611 4259 765 4324 Paupertas
788 4250 896 4321 loseph.
920 4251 1051 4303 Msscard.
1101 4261 1198 4301 norum
1222 4261 1314 4316 passus
1331 4253 1373 4297 est
1390 4241 1571 4312 uaulragiumr
1591 4244 1649 4296 lieo
1668 4241 1868 4312 praesuppositis
1907 4252 1937 4294 ιι

286 4351 338 4403 tol.
357 4361 380 4402 ι.
398 4347 484 4402 couci.
504 4356 580 4398 ttes.
598 4359 626 4392 ιι.
648 4351 771 4408 impp.
785 4335 919 4386 Dubius.
933 4332 960 4384 ἰιι
977 4333 1050 4385 Dirc·
1101 4332 1258 4384 facillimum
1278 4329 1338 4391 erit,
1358 4327 1564 4380 currtrusersiam
1583 4327 1650 4380 hauc
1668 4325 1869 4386 determinasse,

286 4439 392 4489 Leuum.
419 4435 495 4502 iuop.
520 4427 611 4482 Dedit.
630 4443 652 4477 c.
672 4435 696 4474 ι.
715 4443 744 4476 ιι.
766 4433 807 4474 ιι.
826 4429 853 4472 et
869 4433 943 4489 seqq.
962 4419 1050 4469 Μιιιιι.
1100 4415 1164 4486 quid
1184 4413 1349 4476 ale-Fallitis,
1369 4409 1622 4481 Bsncotuptoribus,
1642 4407 1869 4462 etdecouturibus

285 4523 341 4575 dec.
361 4529 385 4570 ι.
403 4538 446 4589 qu.
466 4527 489 4566 ι.
509 4532 536 4566 ιι.
559 4522 600 4564 tu.
619 4501 645 4562 et
663 4525 709 4579 pu.
728 4519 751 4559 ι.
770 4523 798 4557 ιι.
822 4513 863 4554 tt.
883 4501 934 4552 Sed
947 4500 1050 4570 praela·
1100 4499 1213 4568 propria
1234 4498 1308 4568 culpa
1335 4494 1453 4554 talibus,
1480 4491 1745 4563 quorumrplurimas
1769 4491 1869 4542 classes

285 4606 320 4658 tis
338 4601 440 4653 casibus
459 4604 637 4668 paupertatem
662 4591 691 4642 iu
717 4597 807 4640 nostro
832 4579 961 4639 tanetus
978 4585 1048 4637 acei-
1101 4583 1177 4651 lunga
1191 4580 1260 4634 serie
1272 4585 1410 4632 enumerat
1427 4573 1540 4645 Magait
1558 4575 1699 4628 brattea
1716 4573 1867 4626 ὼιιιιιιιιιι.

273 4687 374 4758 pimus
391 4684 518 4745 minime;
539 4679 590 4735 Sed
610 4676 696 4750 potius
724 4671 867 4728 secundum
887 4668 970 4742 quid,
998 4669 1053 4722 sire
1102 4665 1139 4718 ud
1152 4664 1199 4733 jus
1217 4661 1321 4717 lab-l.
1344 4673 1366 4714 t.
1384 4657 1426 4712 tis
1446 4671 1472 4710 s.
1490 4657 1568 4713 artis.
1590 4663 1742 4712 tam-rs.
1762 4663 1804 4704 tt.
1826 4664 1867 4706 ts.

272 4781 356 4826 -ccrto
367 4781 484 4839 respectu
499 4765 630 4819 debitoris
642 4761 760 4830 inopiam
773 4759 953 4817 aestimamus,
966 4771 1049 4824 quam
1100 4759 1126 4804 et
1145 4747 1237 4801 inultis
1254 4761 1327 4816 seqq.
1346 4739 1514 4800 statuendum
1532 4741 1584 4803 sit,
1603 4757 1638 4792 au
1655 4738 1697 4791 illi
1716 4736 1799 4790 etiam
1819 4736 1868 4788 huc

274 4859 318 4910 vdo
330 4855 452 4912 videlicet
465 4861 601 4906 accurata
613 4847 724 4921 pecunia
737 4841 899 4903 destituitur,
912 4841 975 4892 iicet
987 4839 1051 4890 alio·
1101 4828 1232 4886 beuedcio
1250 4829 1331 4882 duudi
1350 4827 1381 4879 ia
1399 4827 1513 4880 solutum
1527 4823 1643 4894 gaudere
1652 4816 1774 4894 possint?
1788 4815 1866 4888 Quod
1906 4827 1954 4868 ts·

285 4945 350 5014 quin
370 4953 422 4994 tam
442 4937 599 4998 mobilium,
625 4949 705 5004 quam
730 4927 910 4981 immobilium
935 4925 1050 4994 locuples
1100 4917 1135 4971 ob
1153 4933 1205 4968 saun
1225 4930 1290 4966 uuus
1308 4913 1424 4966 rationes
1451 4925 1590 4978 negaturus:
1604 4903 1803 4964 ,eteniru‚hi.t.
1822 4917 1866 4954 sua

283 5043 418 5102 possessor
437 5023 470 5078 sit
486 5025 554 5077 Noc.
576 5030 599 5070 t.
618 5037 639 5072 c.
662 5030 685 5070 ι.
706 5014 754 5066 ibi.
769 5015 809 5066 At
826 5011 871 5066 ille
890 5011 928 5063 uri
947 5009 1052 5062 restitu-
1100 5003 1176 5071 culpa
1195 5014 1322 5069 pauperes
1340 4993 1438 5059 ellecti,
1455 4989 1695 5061 tatesuuumqut
1709 4995 1779 5050 sunt,
1792 4985 1870 5040 bene·

272 5116 386 5168 tionem
407 5108 470 5163 suri
487 5125 543 5160 non
561 5105 597 5158 sit
614 5103 738 5159 idoneus,
755 5093 939 5151 substantium
959 5103 1050 5146 autem
1099 5083 1170 5138 liciis
1190 5099 1335 5156 pauperum
1360 5081 1556 5142 destituuntur,
1576 5093 1634 5145 arg·
1652 5077 1684 5130 L.
1701 5091 1763 5142 pen·
1775 5069 1816 5140 ff·
1835 5073 1867 5124 ate

284 5194 448 5250 immobilem
466 5191 574 5245 tutans.
587 5189 621 5240 Et
634 5187 673 5239 sic
686 5183 958 5248 etiambosrespeotu
970 5175 1049 5230 diuiti
1098 5173 1151 5242 iun
1176 5171 1230 5222 dot.
1257 5171 1289 5222 L.
1311 5165 1406 5221 Ett'uua
1430 5176 1470 5216 ts.
1489 5158 1514 5231 §-
1536 5172 1557 5211 ι.
1568 5156 1609 5227 ff.
1627 5157 1678 5210 sol.
1698 5155 1816 5208 acutrim.
1837 5155 1868 5206 l.

284 5275 442 5332 bertelinium
461 5273 540 5328 dandi
559 5274 588 5325 in
607 5271 721 5323 solutum
742 5273 889 5334 competere
907 5263 1006 5330 puteal,
1026 5258 1049 5311 si
1089 5253 1199 5326 fimff.
1219 5251 1252 5306 ds
1270 5250 1313 5304 tis
1331 5267 1401 5318 patae
1427 5246 1456 5299 ia
1470 5241 1575 5313 fraud.
1600 5241 1681 5298 Cred.
1708 5235 1815 5292 erratu.
1834 5235 1867 5286 de

270 5375 371 5434 -parata
389 5359 498 5432 pecunia
516 5357 687 5417 destituatur,
706 5349 819 5404 creditur
844 5363 905 5400 sero
929 5345 1048 5398 eamdem
1099 5343 1209 5408 lieyger.
1236 5339 1310 5392 Tires.
1325 5335 1381 5402 jur.
1402 5349 1462 5383 voc.
1480 5331 1729 5397 Paupertpsnese.
1745 5332 1810 5375 etn-
1825 5331 1866 5370 ss.

284 5449 383 5516 ardeat,
401 5457 429 5501 et
448 5445 551 5500 debitor
565 5453 708 5514 captorem
718 5439 850 5494 bonorum
864 5430 982 5502 reperire
995 5443 1045 5481 uon
1100 5424 1205 5480 Deinde
1223 5424 1252 5478 bi
1270 5419 1373 5492 cedunt
1386 5416 1443 5470 loru
1461 5413 1559 5479 dolose,
1578 5423 1606 5466 et
1626 5409 1769 5467 maritorum
1788 5421 1866 5476 pecu·
1905 5415 1939 5459 ss
