4424 6340
629 563 678 616 DE
697 559 870 616 REMEDIIS
891 559 1024 630 Qt'tuus
1044 555 1138 610 HAEC
1157 553 1309 613 cuttttn‘t
1328 556 1394 610 rere·¹

224 680 356 742 spectum,
377 663 422 719 sed
437 672 463 717 et
477 660 696 736 progrediendum
712 659 823 711 ulterius
835 668 889 720 est,
905 658 988 730 Quip-

224 773 257 826 pe
276 752 303 803 id
321 748 505 821 quotidianum
525 743 686 814 vagabundis
707 741 823 810 ingeniis
843 751 898 805 est,
917 742 989 793 colo-

225 836 354 890 remotio
374 851 421 885 suo
439 848 573 902 quaerere,
594 837 624 880 ut
649 845 678 880 eo
696 826 799 879 facilius
819 828 859 879 rel
878 828 991 878 toleren-

225 931 283 984 tur,
302 920 343 972 rel
368 917 531 970 oummndius
556 915 610 967 sibi
627 913 726 966 rictum
746 919 848 982 parent.
868 911 992 962 Praeten-

226 1007 293 1058 durrt
313 1001 376 1055 inde
394 1009 554 1070 egestatem,
574 1009 598 1051 et
619 1005 649 1049 ut
668 1015 698 1049 eo
717 997 812 1049 melius
831 993 862 1046 ad
882 993 992 1046 commi-

228 1089 383 1144 serationem
405 1093 575 1158 permoveant
592 1082 728 1144 homines,
743 1080 862 1151 eorporis
882 1075 993 1129 infirmi-

228 1182 324 1236 tatem,
345 1169 498 1240 etquidem
521 1175 639 1229 tantam,
659 1175 688 1216 ut
706 1163 737 1217 ad
757 1164 856 1215 rictum
875 1161 928 1214 sibi
947 1181 994 1232 pa·

229 1255 340 1308 randum
360 1251 498 1306 sufficiant
516 1250 644 1312 minime,
656 1249 768 1316 allegare
786 1249 941 1316 plerumque
955 1260 995 1293 su-

227 1342 298 1392 lent:
317 1338 372 1389 llic
398 1346 470 1388 certe
494 1331 623 1386 curiosior
649 1348 706 1384 esse
724 1330 826 1392 Judex,
845 1345 895 1379 uec
912 1325 996 1378 cuivis

229 1422 348 1492 turpioris
358 1417 546 1473 infirmitatem
560 1413 758 1487 praetendenti,
770 1411 851 1465 fidem
869 1409 996 1463 adbibere

231 1507 352 1560 debebat.
371 1505 479 1558 Etenim
498 1503 625 1555 simulant
643 1501 795 1572 plerumque
815 1497 950 1558 morbum,
971 1503 998 1546 et

229 1589 319 1642 nescio
345 1605 410 1658 quae
436 1587 617 1655 Symptomata
643 1583 831 1646 mentiuntur,
856 1597 915 1630 cum
941 1577 995 1647 ipsi

233 1685 322 1726 tamen
344 1669 523 1724 robustissimi
539 1669 611 1730 sint,
626 1675 653 1718 et
669 1667 768 1719 viribus
786 1685 862 1737 quam
881 1665 998 1716 maxime

232 1759 368 1833 polleanta
388 1755 514 1824 Exempla
535 1753 563 1804 iu
583 1753 720 1824 propatulo
739 1761 841 1814 esseut,
861 1750 914 1801 uisi
935 1758 995 1800 nuta

231 1843 326 1896 ubivis
344 1859 374 1893 ac
392 1841 468 1893 nitria
488 1838 592 1901 forent,
611 1837 653 1889 eui
674 1837 766 1908 volupe
785 1845 841 1897 est,
859 1835 934 1886 adeat
952 1836 996 1886 Jo-

231 1928 292 1980 doc.
312 1923 461 1978 Damlroud.
480 1925 571 1976 Prax-
599 1925 661 1974 Her.
684 1921 767 1972 Crim.
786 1939 808 1972 c.
830 1932 887 1972 ιιι.
908 1939 935 1970 n.
956 1929 997 1968 sa.

231 2025 258 2066 et
274 2030 349 2084 seqq.
379 2009 502 2061 Abasrer.
521 2006 639 2060 Fritscb.
661 2007 693 2058 de
717 2005 883 2058 lllendr'cant.
908 2001 997 2054 anr'd.

230 2119 252 2152 c.
278 2111 318 2150 ta.
338 2115 366 2148 n.
393 2095 417 2157 l.
437 2106 463 2145 et
480 2108 553 2166 seqq.
580 2089 712 2142 Theodor.
731 2089 865 2158 Zwinger.
891 2087 998 2139 Tdeatr.

237 2181 296 2234 Vit.
315 2183 429 2233 dunrurr.
448 2177 553 2230 volum.
574 2188 597 2226 t.
616 2175 635 2224 I.
660 2175 678 2236 ἶ.
691 2173 798 2226 Rubrio.
817 2172 957 2226 Pecuarius
975 2180 1002 2224 et

230 2265 382 2336 stipendia
410 2271 499 2316 astute
520 2275 682 2329 comparare
707 2255 730 2328 §
753 2256 836 2326 stipe,
868 2255 999 2320 Mendici,

231 2347 346 2416 astutr'p.
369 2356 446 2398 tsts.
465 2343 528 2394 vid.
548 2343 580 2394 de
601 2339 703 2394 Oiiicio
722 2340 890 2410 Magistratus
909 2349 999 2392 contra

231 2430 375 2488 Mendieos
395 2428 501 2481 Camill.
524 2427 623 2480 Borell.
648 2425 682 2478 de
700 2425 854 2496 Magistrat.
873 2423 964 2478 Edict.
982 2421 1000 2472 l.

236 2529 260 2568 t.
280 2533 303 2568 c·
329 2517 368 2564 Ιὶ.
382 2513 452 2582 Quia
466 2513 556 2581 itaque
573 2510 603 2560 bi
617 2510 801 2562 mendicantes
819 2505 1000 2578 propudiosis-

231 2599 303 2653 simo
322 2597 476 2669 plerumque
494 2592 601 2662 iugenio
618 2591 749 2665 praediti,
763 2591 838 2644 facile
858 2589 884 2641 in
904 2591 1000 2642 scelera

232 2683 356 2754 quaeris,
376 2679 536 2752 praesertim
557 2678 587 2728 in
609 2676 674 2730 rarii
696 2677 801 2746 generis
826 2674 896 2727 furta
916 2675 999 2744 prola·

231 2765 350 2828 buntur,
369 2782 429 2818 cum
448 2761 623 2816 mendicando
642 2761 765 2813 homines
782 2759 814 2812 ad
834 2759 930 2810 delicta
942 2774 1003 2826 pro·

235 2849 331 2902 uiores
350 2845 419 2900 liant
442 2848 516 2900 Νον.
542 2857 585 2898 so.
607 2863 629 2898 c.
657 2857 680 2896 ι.
699 2845 771 2895 Hinc
795 2843 894 2894 nullum
915 2843 1005 2892 subest

234 2931 347 2986 dubium
359 2931 430 3002 quod
444 2929 652 2983 saeculariorum
661 2927 921 2996 Directariorumque
935 2923 1005 2976 irau-
1032 2933 1035 2938 '

236 3016 286 3072 des
310 3015 461 3090 praeearcri
487 3023 636 3084 nequeant,
655 3013 710 3064 nisi
729 3031 743 3064 a
764 3009 893 3064 mendicis
912 3009 1006 3062 validis

233 3103 394 3157 Prorinciae
412 3099 515 3154 fuerint
533 3108 666 3169 purgatae.
684 3088 756 3150 Ilum
775 3098 847 3149 euim
867 3097 908 3148 illi
927 3113 1004 3149 men-

239 3185 363 3239 dicitatis
381 3193 520 3256 praetextu
539 3181 626 3234 securri
644 3180 742 3250 ubique
761 3189 898 3248 ragautur,
917 3197 1007 3232 ansam

239 3269 375 3341 spoliandi
401 3269 482 3331 alios,
508 3281 671 3337 quacumque
696 3265 800 3316 ratione
825 3264 853 3314 id
877 3262 1006 3334 possibile

237 3353 340 3417 suerit,
372 3361 517 3422 quaeruut,
550 3349 675 3421 pecunias
705 3347 843 3410 auferunt,
870 3365 1008 3400 crumenas

239 3437 421 3500 abscindunt,
446 3443 473 3488 et
498 3435 569 3486 nihil
593 3450 661 3496 non,
686 3451 738 3502 quo
763 3431 900 3484 fraudibus
928 3432 1008 3483 ditari

240 3529 360 3590 queant,
386 3519 549 3572 intentatum
582 3517 745 3586 relinquunt.
784 3517 839 3567 lmo
866 3516 1009 3568 Directarii

240 3603 291 3658 hae
309 3603 412 3655 ratione
431 3603 520 3654 dolum
539 3610 627 3670 tegere
641 3609 754 3664 norunt,
770 3597 833 3649 dum
853 3610 881 3650 ut
895 3599 1009 3650 mendici

243 3688 357 3740 alterius
385 3683 453 3738 iores
475 3687 616 3750 accedunt,
643 3687 818 3752 eleemosynas
851 3693 959 3753 petunt,
985 3693 1012 3734 et

241 3774 308 3826 dum
326 3770 359 3823 ab
377 3771 433 3823 illis
456 3765 563 3824 suraudi
589 3769 723 3836 suspicio,
742 3767 776 3819 ob
796 3766 912 3836 corporis
934 3761 1011 3816 inbr-

245 3858 385 3919 mitatem,
398 3868 476 3924 quam
490 3869 554 3924 prae
572 3869 600 3906 se
619 3853 705 3904 lerunt
716 3887 723 3915 ‚
734 3853 825 3902 abesse
844 3849 960 3912 ridetur,
974 3867 1013 3902 se·

245 3941 337 3993 curius
355 3938 432 3992 aedes
452 3936 656 4005 ingrediuntur,
677 3937 790 3988 latebras
810 3935 903 3988 dumus
920 3935 1012 3987 obser-

246 4035 326 4088 sant,
342 4033 368 4076 et
388 4023 417 4074 iu
435 4023 540 4075 easdem
556 4039 584 4074 se
605 4021 739 4089 dirigunt,
753 4032 779 4074 et
798 4020 860 4072 dum
879 4020 1012 4072 neminem

246 4109 429 4163 adrertenteru
448 4105 603 4170 offendunt,
623 4105 796 4168 subtrahunt,
816 4121 880 4173 quae
899 4121 954 4156 sese
973 4104 1014 4156 in-

249 4193 387 4248 custodita
415 4192 455 4245 eis
473 4189 602 4250 offerente
622 4191 661 4242 rel
685 4191 765 4242 etiam
790 4190 1013 4260 opportunitatem

248 4285 382 4330 nocturno
401 4287 520 4347 ternpore
539 4273 713 4327 mendicando
732 4272 889 4326 nraleieriati
911 4273 951 4325 illi
970 4273 1015 4327 ob·

249 4371 371 4425 serram,
387 4361 458 4414 Petr.
477 4361 588 4430 Gregor.
608 4359 714 4414 Thalos.
733 4363 873 4430 syntagm.
893 4359 911 4410 l.
933 4369 973 4412 st.
994 4377 1016 4412 e.

255 4455 298 4498 tt.
321 4465 349 4499 rr.
371 4456 395 4498 t·
1001 4507 1002 4510 Ἴ

288 4529 461 4584 Βεᾰιιοειιᾶιε
480 4547 540 4601 ergo
563 4531 591 4583 in
611 4546 685 4583 nsum
713 4529 799 4584 forent
815 4531 884 4600 leges
903 4530 1019 4582 saluber·

249 4616 350 4681 rimae,
363 4625 456 4670 contra
469 4615 646 4687 nequissimos
662 4616 726 4669 tales
745 4617 926 4670 mendicantes
940 4619 1016 4680 latae,

250 4699 345 4767 quibus
370 4699 482 4754 cuilibet
507 4709 622 4771 potestas
648 4717 771 4752 concessa
799 4701 964 4771 inspiciendi
990 4709 1016 4752 et

253 4783 431 4853 iuvestigandi
449 4787 567 4854 corporis
585 4783 717 4848 deiectus,
735 4785 832 4854 quibus
853 4805 881 4840 se
899 4785 1019 4838 laborare

254 4865 371 4920 mendici
391 4865 499 4930 dieunt,
513 4868 582 4920 sicut
600 4869 649 4920 boc
661 4885 811 4923 concessum
832 4871 919 4922 estin
938 4870 956 4920 l.
980 4873 1016 4924 U·

255 4954 309 5006 rrr'c·
327 4953 359 5006 C·
380 4951 413 5006 de
432 4951 550 5006 Meridie.
575 4955 665 5007 Vatia.
687 4955 791 5008 abiait.
811 4967 852 5007 so.
867 4973 890 5008 c.
912 4965 934 5006 t.
950 4965 976 5006 et
996 4967 1018 5005 t.

258 5040 287 5091 Si
301 5055 360 5106 ergo
379 5037 475 5093 talibus
494 5037 670 5093 incommodis
685 5051 709 5095 et
725 5041 823 5095 morbis
837 5039 1019 5106 detineantur,

256 5134 285 5175 ut
310 5123 435 5175 alimenta
461 5123 513 5175 sibi
535 5143 628 5195 parare
652 5126 767 5177 minime
785 5127 904 5196 possint,
924 5127 1020 5180 merito

263 5207 432 5260 eleemosinis
450 5217 477 5260 et
494 5209 724 5262 commiseratione
742 5211 817 5279 digni
832 5219 906 5275 sunt,
921 5222 947 5262 et
960 5211 1022 5266 binc

259 5293 317 5344 sine
337 5292 502 5345 molestiam
522 5293 637 5346 Ciuitate
650 5295 806 5348 commorari
825 5294 892 5366 ipsis
911 5296 1023 5366 permit-

260 5376 382 5440 tendum,
404 5386 527 5428 marnenre
545 5377 642 5447 impin
664 5379 690 5429 d.
710 5381 777 5432 Nou.
792 5391 832 5429 ιο.
853 5397 874 5430 c.
897 5378 1022 5449 miraſse.

260 5462 328 5531 quod
347 5458 530 5516 confirmatum
552 5463 774 5518 inordinatior.
793 5461 877 5516 Porti.
891 5463 922 5516 de
937 5467 1022 5516 Auno

1043 666 1118 708 1577.
1136 653 1177 706 at.
1198 665 1239 704 tt.
1265 655 1325 705 Von
1338 651 1460 704 Bettierrr
1481 647 1540 703 und
1556 652 1802 727 Milsrggueugern,

1042 737 1088 789 ubi
1109 737 1146 789 ita
1166 737 1337 808 dispositum:
1364 736 1424 788 Wir
1441 735 1537 788 mattea
1559 737 1639 803 arcela,
1660 737 1724 789 dass
1742 739 1804 792 eine

1038 821 1100 891 jede
1122 819 1261 890 Odrt'gker't
1279 819 1327 872 der·
1352 820 1455 872 Beltier
1471 817 1529 871 und
1551 819 1669 872 crederer
1687 822 1803 894 Mdssr'g-

1041 923 1161 973 gueuger
1182 903 1290 970 dolder,
1316 903 1361 957 eirr
1392 903 1548 955 ernstliedes
1571 901 1697 956 einselrera
1721 907 1802 972 tdreo,

1042 989 1128 1041 demit
1146 987 1279 1041 niemund
1295 1009 1327 1041 au
1340 987 1563 1058 dettelrrgestnttet
1582 989 1680 1056 merda,
1696 991 1745 1042 der
1761 992 1804 1043 ηὶ.

1044 1075 1088 1126 clrt
1106 1073 1155 1125 mit
1171 1073 1358 1126 Scdmaclrder't
1373 1073 1441 1126 oder
1461 1072 1615 1125 Gebreclrerr
1634 1073 1723 1127 seinos
1743 1077 1804 1128 Lei-

1046 1158 1092 1211 des
1110 1158 1240 1222 deludere,
1262 1156 1320 1210 und
1342 1155 1435 1210 descen
1461 1157 1536 1209 nicht
1553 1157 1734 1230 notlrdmfflr'g
1748 1175 1803 1230 sey.

1047 1243 1075 1293 Si
1090 1241 1178 1310 itaque
1188 1240 1268 1294 ualidi
1287 1241 1455 1310 reperiantur
1469 1241 1601 1306 mendici,
1616 1241 1702 1312 (quud
1718 1253 1804 1298 tamen

1046 1321 1218 1388 Magistratus
1249 1323 1362 1377 arbitrio
1391 1324 1602 1394 permittendum
1634 1337 1740 1398 putant,
1773 1345 1806 1381 an

1047 1409 1184 1461 mendicus
1202 1409 1303 1463 validus
1322 1411 1358 1463 sit
1381 1411 1510 1462 dicendus
1528 1412 1610 1463 Jacob
1627 1414 1750 1466 Menoch.
1771 1416 1806 1466 A.

1048 1493 1073 1542 Ι.
1095 1493 1125 1558 Q.
1150 1509 1205 1546 cns.
1233 1495 1307 1562 ⁵32.)
1325 1493 1425 1546 duriori
1444 1493 1606 1546 coercitione
1623 1497 1807 1568 prosequendi.

1047 1575 1080 1626 Et
1104 1578 1342 1649 Expeditissimum
1370 1579 1516 1631 remedium
1541 1579 1647 1634 ridetur
1670 1582 1701 1634 ad
1729 1601 1807 1654 opera

1048 1660 1152 1729 publiea
1172 1663 1291 1728 eosdem,
1306 1681 1338 1716 ne
1357 1665 1455 1716 frustra
1475 1675 1559 1717 terrae
1576 1683 1642 1718 onus
1662 1667 1726 1730 sint,
1744 1686 1807 1722 con·

1048 1746 1187 1812 demirare,
1208 1760 1235 1800 ut
1256 1750 1292 1800 ita
1312 1749 1344 1801 ad
1364 1749 1500 1802 meliorem
1521 1749 1621 1818 l'rugern
1643 1751 1808 1818 redigantur,

1048 1852 1099 1904 quo
1114 1836 1196 1885 soluit
1214 1835 1383 1888 Justinianus
1394 1835 1462 1906 imp.
1477 1837 1501 1886 d.
1516 1837 1589 1886 Nost.
1603 1848 1644 1888 so·
1658 1853 1682 1888 c·
1699 1849 1722 1886 a.
1737 1839 1809 1889 iiiuc

1048 1917 1079 1969 ad
1094 1915 1239 1986 purgandas
1258 1919 1370 1988 plateas,
1384 1928 1408 1970 et
1424 1915 1505 1970 fossas
1525 1927 1553 1970 ιιι
1566 1918 1634 1970 etad
1650 1919 1700 1970 alia
1715 1939 1808 1992 opera,

1049 2001 1162 2052 dirersis
1181 1999 1209 2051 in
1220 2001 1285 2052 locis
1297 2001 1463 2054 ‹teatinanrur
1480 2002 1551 2054 Petr.
1572 2000 1669 2053 Caball.
1689 2005 1809 2059 resona.

1052 2084 1196 2136 Criminol.
1216 2103 1270 2138 cas.
1288 2096 1343 2136 trs.
1358 2105 1385 2138 rr·
1402 2099 1425 2138 t·
1446 2086 1537 2138 Jodoe.
1557 2087 1707 2138 Damboud.
1720 2091 1811 2142 Prae.

1050 2168 1195 2223 Crtuu'aat.
1209 2189 1231 2223 c·
1249 2179 1307 2221 ttt.
1322 2188 1349 2220 rr·
1381 2179 1406 2220 9.
1420 2169 1492 2222 Petr·
1506 2171 1618 2240 Gregor.
1636 2169 1778 2224 Thoiusan.
1792 2173 1810 2223 l.

1054 2264 1128 2306 ¹5.c.
1145 2265 1188 2305 2⁸.
1202 2274 1230 2306 rr.
1248 2263 1286 2306 tt.
1301 2253 1355 2306 etl.
1370 2266 1411 2305 tt.
1424 2273 1447 2306 c.
1463 2267 1487 2305 t.
1502 2273 1529 2306 rr.
1546 2263 1624 2307 tt.et
1636 2269 1708 2325 seqq.
1727 2253 1809 2306 diras-

1050 2357 1104 2390 rer.
1119 2339 1233 2393 l‘ritseh.
1246 2339 1278 2393 de
1291 2341 1407 2393 Mendic.
1428 2339 1517 2391 Vultu.
1527 2357 1550 2392 c.
1567 2353 1606 2392 tt.
1617 2357 1669 2408 per
1680 2351 1727 2391 tot.
1741 2341 1813 2410 Quae

1051 2423 1108 2492 ipsa
1128 2443 1208 2494 poena
1229 2425 1320 2493 utique
1346 2425 1536 2496 exasperanda,
1557 2425 1578 2476 si
1599 2424 1629 2476 ad
1648 2426 1813 2479 validitatem

1053 2509 1260 2562 mendicantium
1282 2509 1387 2562 fraudes
1406 2519 1432 2561 et
1445 2507 1572 2561 falsitates
1586 2511 1759 2575 accesserint,
1773 2523 1813 2563 ut-

1053 2604 1114 2666 pote
1132 2593 1153 2645 si
1180 2591 1251 2646 fic'tis
1269 2595 1356 2646 literis
1382 2612 1409 2646 se
1434 2593 1581 2646 infortunio
1600 2593 1712 2664 quodam
1740 2595 1816 2648 bunis

1054 2679 1168 2750 privatos
1188 2697 1258 2746 esse,
1272 2687 1402 2741 asserant,
1416 2677 1540 2730 incendio
1559 2677 1661 2742 forsan,
1674 2679 1814 2749 captivita-

1056 2774 1093 2827 te,
1113 2763 1154 2816 sel
1173 2763 1289 2818 bostium
1315 2762 1481 2832 direptione,
1515 2763 1606 2814 Wanrr
1630 2762 1670 2816 sie
1696 2762 1815 2832 arffdeu

1054 2849 1154 2903 Brund
1165 2850 1271 2914 dettebr,
1287 2846 1458 2918 undfirlscde
1469 2845 1685 2918 Brund-Brigfflr
1694 2849 1816 2903 mucden.

1056 2939 1111 2988 Hos
1130 2935 1218 2996 enim,
1237 2951 1285 3004 pro
1304 2931 1564 2986 circumstantiarum
1592 2941 1683 2984 tamen
1700 2934 1816 2999 ratione,

1056 3019 1226 3086 fustigatioue
1240 3026 1381 3090 perpetuae
1398 3015 1548 3084 relegationi
1563 3015 1650 3082 juncta
1669 3015 1820 3087 plectendus

1057 3123 1114 3158 esse
1132 3105 1224 3156 solunt
1244 3103 1275 3153 B.
1296 3103 1347 3154 Du.
1367 3101 1461 3171 Carpx.
1480 3102 1570 3153 Prata.
1587 3099 1728 3153 Crirnr‘nal.
1742 3106 1778 3157 P.
1795 3115 1817 3155 r.

1062 3193 1170 3258 eraest.
1190 3200 1234 3241 as.
1249 3207 1276 3239 rr.
1292 3198 1333 3238 tt.
1348 3196 1374 3240 et
1385 3184 1582 3257 sappl'ritsch.
1595 3185 1620 3236 d.
1638 3187 1726 3238 Tract.
1738 3207 1761 3240 c.
1780 3202 1818 3240 rc.

1060 3293 1087 3325 n.
1110 3285 1133 3324 ι.
1153 3274 1237 3341 Quam
1258 3269 1440 3340 instigationis
1460 3286 1570 3339 poenam
1590 3267 1621 3319 ad
1640 3287 1699 3321 eum
1719 3291 1822 3343 quoque

1059 3376 1147 3410 casum
1166 3353 1325 3418 extendunt,
1338 3356 1360 3406 si
1380 3353 1497 3415 morbos,
1511 3354 1632 3418 uulnera,
1647 3355 1689 3406 rel
1706 3353 1822 3411 deiectus

1061 3454 1169 3495 naturae
1189 3441 1314 3492 simulent
1335 3439 1466 3500 mendici,
1480 3457 1526 3508 per
1546 3438 1639 3492 tradita
1660 3438 1750 3510 Carpe.
1765 3443 1790 3494 d.
1804 3443 1822 3493 Ι.

1062 3548 1089 3580 rr.
1104 3539 1146 3578 ts.
1161 3525 1229 3594 quod
1250 3523 1420 3594 praejudiciis
1441 3521 1507 3572 tutti
1528 3521 1573 3573 dat
1591 3519 1785 3577 corrsrrmatum.

1097 3611 1131 3662 Et
1146 3611 1195 3660 buc
1207 3625 1310 3678 quoque
1322 3605 1465 3658 referimus
1477 3601 1594 3658 artifices
1611 3606 1672 3658 ilios
1690 3609 1825 3678 Vagabuu·

1062 3693 1122 3756 dos,
1136 3691 1190 3745 Die
1202 3691 1400 3746 Ilaudauercds-
1409 3690 1549 3753 Gerellen,
1561 3707 1592 3742 so
1606 3690 1746 3760 vorgeden,
1762 3692 1826 3745 dass

1061 3779 1100 3832 sr'e
1121 3775 1178 3844 ruff
1189 3776 1240 3830 das
1259 3775 1429 3830 Hundmerck
1449 3776 1596 3838 eandum·
1614 3775 1652 3826 ltt
1671 3776 1742 3828 enirn
1758 3778 1826 3830 baud

1065 3880 1157 3916 rarose
1170 3857 1286 3913 artifices
1299 3879 1355 3914 esse
1369 3859 1653 3920 mentiuntur,tantum
1668 3868 1697 3910 ut
1710 3859 1766 3913 otio
1778 3859 1827 3914 hac

1065 3947 1166 4000 ratione
1186 3946 1263 3996 litare
1278 3946 1379 4015 possint
1385 3983 1393 4007 ,
1407 3943 1475 4014 quod
1490 3959 1522 3994 ex
1534 3961 1564 3994 eu
1576 3944 1730 4012 plerumque
1748 3946 1830 3998 mani·

1066 4031 1161 4083 testum
1189 4029 1323 4093 redditur,
1337 4027 1398 4078 dum
1419 4045 1447 4080 se
1461 4029 1507 4080 tali
1520 4023 1635 4078 artificio
1649 4027 1827 4098 mancipatos,

1066 4133 1123 4168 esse
1149 4113 1254 4174 dicunt,
1273 4113 1341 4182 quod
1367 4111 1396 4162 in
1421 4111 1494 4164 bisce
1517 4111 1584 4164 locis
1609 4129 1664 4162 non
1684 4122 1829 4167 exercetur.

1066 4199 1138 4250 Iliae
1164 4197 1267 4250 ridebis
1291 4194 1468 4248 communiter
1495 4193 1549 4248 sere
1575 4196 1639 4248 tales
1665 4195 1831 4250 mechanicos

1065 4283 1230 4352 vagabundos
1249 4283 1321 4334 illam
1342 4280 1458 4354 Apostoli
1475 4281 1547 4334 Pauli
1566 4291 1650 4333 artem
1663 4283 1832 4334 Σκυιιποίιιιν

1068 4365 1204 4440 profiteri,
1222 4366 1263 4420 sie
1280 4367 1362 4436 geben
1387 4365 1444 4418 sicli
1470 4381 1519 4418 vor
1549 4365 1743 4434 Teppr'maclrcr
1766 4347 1848 4429 uass

1068 4454 1128 4524 quia
1148 4453 1198 4506 boc
1215 4470 1297 4523 genus
1315 4448 1424 4503 artilicii
1444 4469 1497 4502 nou
1517 4447 1602 4499 ubiris
1622 4449 1688 4500 solet
1709 4447 1831 4515 frequen-

1070 4538 1137 4601 tari,
1158 4539 1248 4607 ltaque
1268 4545 1297 4587 ut
1316 4543 1342 4588 et
1360 4534 1420 4600 bis,
1438 4533 1483 4602 qui
1503 4553 1516 4583 a
1540 4531 1619 4584 turris
1637 4532 1681 4581 rix
1699 4529 1832 4582 abstinere

1069 4624 1167 4686 solent,
1181 4630 1305 4692 purgetur
1319 4617 1471 4689 provincia,
1485 4613 1674 4686 inquirendum
1693 4613 1779 4684 primo
1793 4632 1835 4667 es-

1069 4717 1129 4762 set:
1153 4725 1185 4759 arr
1212 4702 1357 4776 Opilicium
1382 4699 1546 4763 didicerint,
1569 4715 1617 4751 nec
1639 4715 1690 4760 nea
1717 4699 1792 4768 Quod
1812 4699 1835 4750 si

1068 4787 1222 4854 affirment,
1240 4784 1390 4842 accersendi
1409 4793 1499 4837 essent
1519 4783 1576 4846 ilii,
1595 4783 1641 4852 qui
1661 4783 1737 4850 gnari
1757 4783 1835 4850 hujus

1070 4873 1191 4938 artificii,
1206 4882 1282 4937 suut,
1297 4881 1326 4924 ut
1339 4871 1371 4922 de
1384 4869 1495 4924 acritate
1514 4885 1544 4921 eo
1564 4868 1659 4919 melius
1680 4866 1764 4938 possit
1777 4883 1836 4918 con-

1071 4971 1148 5012 stare.
1168 4956 1273 5011 Deinde
1291 4953 1499 5014 attendendum,
1514 4968 1601 5003 annon
1616 4950 1644 5003 in
1665 4969 1693 5002 ea
1713 4949 1837 5015 Civitate,

1072 5043 1118 5096 ubi
1143 5041 1242 5112 stipem
1265 5039 1401 5093 collecturi
1427 5045 1490 5090 srrnt
1518 5052 1623 5106 operam
1649 5034 1696 5086 tali
1722 5029 1839 5087 artificio

1071 5127 1230 5198 impendere
1248 5125 1365 5196 possinte
1386 5121 1461 5194 Quod
1482 5121 1504 5173 si
1529 5137 1581 5173 non
1606 5119 1696 5179 liceat,
1715 5117 1838 5169 ostiatim

1072 5212 1172 5265 rictum
1196 5209 1338 5281 quaerendi
1366 5213 1484 5277 poteslas
1507 5205 1576 5278 ipsis
1602 5201 1709 5255 coneedi
1735 5211 1838 5271 posset,

1072 5313 1228 5366 quamquam
1247 5293 1394 5347 consultius
1413 5289 1463 5354 sit,
1484 5289 1507 5341 si
1528 5305 1560 5341 ex
1580 5287 1684 5358 publico
1704 5285 1770 5356 ipsis
1789 5287 1841 5337 ali·

1074 5379 1142 5450 quod
1166 5377 1313 5431 subsidium
1347 5373 1611 5431 subministraretura
1642 5371 1733 5422 Posset
1765 5369 1840 5421 enim

1074 5463 1244 5536 Magistratus
1263 5481 1277 5513 a
1297 5459 1406 5516 Civibus
1425 5465 1521 5512 certam
1542 5454 1681 5529 pecuniam
1701 5454 1837 5524 colligere,
