4478 6350
445 515 496 568 325
917 513 1103 569 ntsrb'TtT.
1122 514 1188 567 vtt.
1209 517 1352 571 POSl'l'lO
1373 519 1419 572 t'l.
1835 529 1886 582 326

373 627 427 663 uon
445 616 524 660 caret.
542 606 647 660 Etenim
668 616 753 658 textus
771 608 800 660 iu
820 607 839 660 l.
852 619 876 661 ι.
895 615 917 672 ς.
940 620 960 660 t.
963 607 1004 676 ff.
1018 607 1051 660 de
1064 605 1140 678 offic.
1193 625 1236 667 aut
1252 614 1357 683 eulpam
1377 616 1523 683 probaverit
1541 620 1559 670 l.
1573 621 1707 690 quotiens.
1730 640 1771 678 ιι.
1791 634 1804 690 ς
1835 628 1907 697 ¹·ff·
1926 631 1962 685 de

369 692 500 765 praefert.
515 693 589 762 vigil.
608 693 767 762 generaliter
782 693 912 762 loquitur,
930 691 1001 761 qnod
1019 690 1142 744 ineemlia
1191 698 1271 764 prob.
1298 709 1325 750 et
1342 699 1382 752 idi
1403 702 1457 754 Du.
1477 704 1534 754 ulia
1560 715 1648 758 tamen
1673 710 1738 762 ratio
1760 714 1847 765 estin
1867 731 1961 784 puncto

372 780 449 847 culpa
472 777 681 830 inhabitantium
701 774 778 840 frattt,
797 795 812 828 a
831 794 882 846 quo
900 793 952 827 uon
971 772 1109 828 discordat
1123 773 1141 822 l·
1192 781 1329 847 incendii;
1348 783 1416 836 Nam
1444 785 1490 839 hie
1517 788 1653 856 agiturne
1677 796 1723 846 tali
1742 815 1819 860 men,
1837 800 1883 868 qui
1903 801 1963 852 rina

378 875 417 915 ιι.
437 863 470 917 de
484 864 566 934 peric.
585 876 613 917 et
630 866 764 916 eooaamod.
782 873 831 916 ret.
850 862 927 915 vend.
953 865 1014 915 lam
1033 863 1061 914 in
1079 879 1142 914 onn-
1191 865 1267 934 eulpa
1286 867 1443 935 regulariter
1465 873 1622 938 &intingere
1643 894 1696 930 non
1720 891 1823 950 potest,
1843 885 1884 935 ael
1903 903 1957 936 nou

375 947 446 1000 fesso
464 949 533 1020 apud
550 966 644 1000 omnes
661 959 713 1011 est,
732 949 835 1018 culpam
854 947 1010 1016 simpliciter
1028 947 1140 1016 positam
1193 947 1273 1012 solet,
1296 959 1325 1001 et
1350 965 1490 1024 eapropter
1516 961 1701 1030 praesumptio
1724 964 1759 1016 ab
1779 983 1827 1029 eo,
1844 968 1914 1036 qnod
1932 981 1960 1024 at

373 1032 407 1085 de
424 1033 476 1084 leai
493 1035 570 1102 eulpa
585 1051 642 1086 esse
654 1034 856 1104 explicandam
870 1033 924 1084 imo
937 1043 962 1084 et
972 1031 1038 1082 aliae
1058 1048 1140 1100 poena
1192 1030 1335 1098 plurimum
1352 1035 1495 1103 notrdngit,
1514 1038 1668 1110 desumpta,
1686 1045 1719 1096 ab
1738 1047 1789 1100 boe
1805 1067 1884 1104 nume
1897 1070 1958 1121 pro-

374 1119 404 1170 r'a
423 1119 448 1171 d.
469 1117 487 1169 1.
509 1131 533 1170 ι.
553 1123 575 1180 §.
599 1129 621 1168 ι.
641 1117 766 1170 incendio
785 1119 893 1186 cnlposo
918 1115 1024 1179 dietata,
1045 1113 1140 1166 aldeli·
1191 1111 1271 1165 hauh
1291 1125 1409 1168 aetoretn
1429 1121 1564 1175 liberabit.
1584 1125 1658 1178 Hinc
1676 1130 1766 1198 potius
1783 1135 1830 1202 qui
1848 1136 1955 1204 allegat,

375 1212 418 1256 cet
437 1202 696 1271 fustigati0,inique
716 1211 799 1265 esset,
820 1202 843 1253 si
862 1201 895 1254 de
914 1201 988 1270 culpa
1006 1199 1142 1252 letissima
1193 1215 1254 1248 nasu
1274 1197 1387 1254 fortuito
1408 1205 1474 1273 quid
1495 1205 1589 1261 factum
1609 1225 1681 1274 esse,
1700 1213 1723 1264 si
1743 1217 1803 1268 talis
1820 1233 1894 1271 casus
1912 1221 1963 1284 sit,

375 1288 448 1340 illam
469 1288 580 1340 velimus
600 1288 741 1357 explicare·
1192 1281 1240 1350 qui
1258 1285 1361 1354 culpam
1381 1289 1542 1355 regulariter
1559 1308 1765 1366 praesupponit,
1785 1302 1899 1369 probare
1917 1303 1962 1358 da.

413 1371 449 1423 Et
466 1373 593 1425 sententia
614 1373 659 1424 illa
677 1372 829 1424 eommunis
850 1369 934 1438 magis
953 1368 1032 1420 dubia
1053 1365 1143 1419 reddi·
1195 1369 1238 1421 bet
1263 1369 1427 1436 diligentiam
1454 1374 1574 1427 debitam
1601 1397 1616 1428 a
1642 1397 1670 1432 se
1694 1382 1853 1449 adhibitam,
1873 1398 1900 1440 et
1925 1391 1964 1442 ita

384 1465 426 1507 tur
443 1473 477 1506 ex
495 1473 540 1519 eo,
559 1455 622 1506 dut'n
642 1454 759 1506 eamdem
779 1455 831 1505 Dd.
843 1453 957 1506 limitaut
969 1451 1142 1514 unanimier,
1195 1452 1298 1520 eulpam
1318 1453 1445 1507 abfuisse.
1461 1459 1522 1510 Seb.
1534 1459 1653 1514 htedices
1666 1472 1748 1516 trees.
1762 1467 1796 1519 de
1808 1469 1963 1540 casib-sor·

378 1537 449 1608 quod
465 1549 564 1592 tantum
584 1539 617 1591 de
628 1542 706 1609 eulpa
717 1539 851 1591 levissima
871 1539 900 1590 in
918 1537 1069 1588 omittendo
1082 1537 1146 1586 haee
1196 1536 1255 1589 tait.
1272 1549 1346 1607 part.
1372 1551 1393 1590 t.
1408 1561 1434 1612 q.
1452 1553 1491 1594 tu.
1509 1563 1542 1596 ιι.
1559 1557 1584 1596 ι.

384 1624 568 1693 praesumptio
580 1623 615 1676 sit
633 1623 816 1692 intelligenda.
836 1622 935 1675 sebast.
954 1621 1073 1672 llledices
1090 1619 1146 1672 dl.
1233 1621 1319 1688 Magis
1338 1621 1474 1677 ridebatur
1492 1629 1635 1697 stringere,
1648 1631 1716 1702 quod
1730 1646 1824 1703 urgent
1838 1637 1890 1689 Dd.
1904 1657 1966 1693 oon-
2002 1653 2017 1694 ι

380 1726 409 1758 ιι.
430 1719 453 1760 ι.
472 1707 591 1760 Furinae·
612 1706 638 1759 d·
658 1708 676 1759 l.
694 1727 721 1762 ιι.
742 1718 786 1758 ιι.
803 1706 893 1760 lamb.
912 1706 1036 1758 nannet.
1057 1705 1088 1757 de
1107 1707 1144 1756 A.
1200 1705 1297 1757 trariae
1315 1707 1440 1776 opinioni
1456 1709 1588 1778 faventes,
1602 1715 1660 1768 scil.
1674 1719 1697 1768 si
1716 1719 1812 1788 aliquis
1827 1737 1858 1774 ex
1878 1721 1966 1777 incen-

381 1797 405 1846 Ι.
430 1796 532 1859 Q-cns.
553 1804 615 1844 ιιι.
632 1809 659 1843 ιι.
682 1793 789 1844 anm
806 1793 830 1843 si
848 1803 979 1844 out-rueret
996 1791 1148 1844 statimlhl.
1201 1789 1249 1840 dio
1275 1793 1513 1860 condemnandus,
1533 1798 1635 1867 eulpam
1661 1803 1728 1853 certi
1751 1813 1777 1855 et
1801 1803 1968 1860 determinati
2016 1787 2018 1790 Ι

381 1887 524 1942 assertum,
538 1875 607 1945 qnod
622 1875 677 1946 ipsi
697 1876 807 1939 habeut;
821 1874 1030 1940 conductorem,
1045 1877 1069 1926 si
1080 1875 1152 1927 sohn
1202 1872 1335 1938 hominis,
1350 1878 1391 1928 rel
1404 1891 1488 1932 certae
1507 1897 1637 1950 personae
1654 1886 1771 1954 requiri,
1785 1897 1815 1939 at
1831 1905 1968 1960 eapropter

387 1962 535 2027 hababitet,
554 1974 642 2024 tenere
664 1963 795 2033 probare,
814 1977 843 2012 se
868 1960 971 2028 eulpam
996 1977 1048 2012 tion
1067 1959 1152 2012 admi·
1203 1969 1273 2010 actor
1292 1960 1395 2029 etalpam
1415 1961 1488 2012 illam
1501 1961 1603 2017 ratione
1616 1977 1702 2018 sertae
1715 1985 1841 2039 personae
1859 1975 1973 2042 probare

386 2049 464 2100 sisse.
485 2048 574 2115 Quare
591 2046 665 2100 euim
682 2045 826 2114 gravandus
846 2055 916 2096 esset
934 2041 983 2094 hae
1001 2043 1154 2112 probatione
1204 2040 1304 2095 debeat.
1323 2044 1415 2096 Jacob:
1432 2046 1556 2099 Menoeh.
1575 2051 1615 2099 A.
1631 2053 1656 2102 1.
1679 2053 1711 2117 Q.
1735 2069 1790 2104 cas.
1815 2066 1876 2107 ιιι.
1894 2075 1922 2108 ιι.
1943 2069 1968 2110 ι.

386 2130 553 2199 Conduotor,
571 2149 632 2184 eum
657 2133 692 2184 ob
714 2132 791 2183 talem
816 2130 917 2197 eulpam
943 2145 975 2180 ex
998 2128 1082 2180 locato
1100 2145 1153 2179 non
1207 2123 1279 2176 Gaii.
1301 2125 1326 2176 d.
1346 2129 1403 2180 obs.
1429 2141 1470 2180 rt.
1490 2149 1518 2182 ιι.
1540 2139 1564 2182 ι.
1585 2129 1708 2185 Farinac.
1736 2141 1768 2204 Q.
1798 2149 1857 2189 ιιι.
1879 2159 1907 2192 a.
1928 2154 1972 2194 ιι.

383 2217 472 2287 possit
495 2216 649 2280 conveniri,
667 2233 726 2268 eum
753 2215 788 2267 ad
813 2215 896 2268 levem
924 2213 1104 2266 tantummodo
1123 2212 1157 2265 sit
1210 2207 1261 2259 llu.
1282 2210 1371 2262 llahn.
1396 2212 1436 2265 od
1462 2215 1616 2268 tt‘esentec.
1641 2219 1668 2268 Ιι.
1692 2229 1710 2268 t.
1735 2219 1770 2271 de
1789 2218 1867 2292 qsjie.
1881 2227 1974 2294 μοιβ

383 2301 532 2368 obligatus;
550 2301 605 2353 Nee
621 2299 657 2352 ob
682 2300 808 2352 damnum
835 2298 923 2352 datum
942 2315 976 2350 ex
999 2298 1029 2349 l..
1048 2297 1154 2366 Aquilia
1209 2291 1282 2362 aigil.
1300 2295 1353 2346 Sed
1372 2307 1399 2348 et
1415 2299 1450 2349 ad
1474 2299 1524 2350 hoc
1542 2302 1680 2370 responsio
1705 2321 1759 2355 non
1783 2302 1890 2368 delinita
1909 2309 1969 2360 Pri·

388 2385 539 2449 teuebitur;
551 2385 680 2454 Quamvis
697 2387 770 2439 enim
790 2383 835 2436 illa
848 2383 916 2451 lege
932 2383 1009 2451 culpa
1023 2381 1159 2434 levissima
1211 2397 1284 2432 suum
1303 2381 1377 2434 enim
1397 2383 1511 2438 cessabit
1530 2385 1593 2439 haee
1610 2385 1757 2452 obstantia,
1776 2391 1799 2442 si
1819 2409 1887 2444 unas
1900 2396 1974 2448 solus

388 2469 541 2524 vindicetur
558 2472 579 2525 l.
599 2479 641 2521 tt.
644 2468 688 2539 ff
706 2471 744 2522 ad
760 2473 792 2522 L
808 2469 904 2539 Aquil.
924 2469 982 2520 llne
999 2478 1086 2520 tamen
1108 2465 1160 2516 Dd.
1211 2464 1411 2532 inhabitaverit,
1431 2469 1475 2520 hin
1492 2471 1566 2523 enim
1583 2473 1636 2540 jam
1654 2477 1834 2545 praesumptio
1853 2477 1925 2530 cadit
1942 2479 1973 2532 in

384 2567 486 2611 tautum
506 2555 540 2607 de
558 2554 635 2624 culpa
660 2554 796 2608 leuissima
815 2553 844 2604 iu
872 2549 1059 2604 committendo
1079 2550 1160 2602 inter·
1210 2548 1412 2603 determinatam
1433 2558 1790 2624 personam,utsicmerite
1807 2559 1976 2616 inhabitator

386 2651 522 2714 pretantnr
540 2657 591 2710 per
607 2639 625 2689 l.
649 2650 689 2691 ιι.
708 2636 731 2708 §-
752 2650 777 2689 2·
786 2635 829 2705 ff.
844 2635 877 2688 de
896 2632 1031 2703 ususfruct.
1049 2635 1159 2687 ilenric.
1210 2631 1243 2684 ad
1260 2631 1428 2703 diligentiam
1447 2637 1611 2706 probandam
1630 2641 1667 2693 sit
1682 2642 1833 2695 obstrietus.
1853 2644 1904 2696 sen
1923 2665 1974 2715 po.

389 2731 466 2782 zoes.
492 2724 642 2793 comm-ff
663 2727 701 2776 ad
725 2725 757 2775 L·
778 2723 873 2792 Aquit-
899 2739 927 2773 ιι.
948 2733 972 2772 ι.
990 2719 1114 2771 Menocb
1132 2717 1158 2772 d.
1210 2718 1265 2771 sito
1275 2737 1347 2786 man,
1362 2723 1551 2792 ubiphtresin
1566 2726 1881 2799 aedibnssnnt,qnorum
1895 2735 1970 2804 culpa

391 2827 447 2864 cas.
467 2822 527 2864 ιιι.
546 2829 574 2864 ιι.
597 2824 637 2862 ιο.
656 2807 735 2861 ruodo
755 2816 843 2858 tamen
861 2803 974 2856 omissio
993 2821 1045 2856 nou
1064 2801 1102 2854 sit
1120 2802 1158 2854 ita
1211 2803 1365 2858 incendium
1392 2811 1481 2877 potuit
1498 2799 1588 2874 oriri,
1609 2820 1672 2863 tune
1695 2823 1741 2865 aut
1765 2815 1841 2868 Pater
1859 2813 1978 2870 familias

395 2896 496 2965 gravis,
516 2905 546 2949 ut
571 2892 756 2948 summissioui
782 2891 881 2942 similis
906 2889 1046 2950 habeatnr,
1069 2889 1109 2940 ael
1134 2886 1158 2938 si
1209 2887 1317 2940 illorum
1337 2889 1435 2944 fartum
1457 2903 1592 2962 praestare
1618 2905 1659 2948 est
1680 2895 1827 2966 obligatnsg
1846 2911 1889 2952 aut
1906 2917 1968 2954 ιιοιι.

382 2983 494 3036 omissio
515 2982 647 3034 contineat
666 2977 765 3032 farctum
779 2974 884 3045 aliquod
899 2971 1072 3042 implicitum·
1085 2975 1161 3025 zoes.
1211 2967 1301 3019 Priori
1318 2987 1395 3036 easu,
1416 2990 1440 3024 t.
1458 2991 1483 3042 g.
1503 2974 1526 3026 si
1547 2975 1649 3028 familia
1669 2976 1808 3047 delinquat
1825 2979 1894 3032 eirea
1911 2980 1975 3036 attt-

382 3069 447 3122 dt'et.
459 3068 509 3121 loe.
520 3083 570 3136 qua
585 3063 689 3117 ratione
703 3062 793 3116 forsan
808 3057 991 3113 tortelliaadns
1004 3057 1056 3110 Du.
1067 3057 1160 3109 Strnr.
1209 3053 1281 3105 aium
1299 3055 1352 3109 sibi
1370 3063 1559 3122 commissum,
1574 3061 1604 3114 in
1616 3081 1668 3130 quo
1679 3064 1869 3119 Paterfamilias
1881 3083 1973 3123 eornm

384 3158 526 3223 Syrrtugm.
546 3151 649 3202 nanc.
672 3159 713 3201 ιι.
732 3147 769 3198 ela.
791 3155 834 3196 ιο.
1147 3218 1154 3232 ι
1207 3155 1288 3206 opera
1307 3141 1401 3207 utitur,
1420 3143 1523 3215 dequo
1541 3144 1612 3198 Gail.
1630 3145 1691 3200 tttr.
1715 3160 1735 3201 t.
1756 3151 1815 3202 obe.
1835 3161 1878 3203 ιι.
1898 3171 1926 3204 ιι.
1948 3167 1974 3206 ι.

423 3237 496 3286 Hine
515 3233 602 3305 potius
620 3229 1155 3292 asserendumexistimamus,praesumt
1207 3226 1375 3279 lileuoeb.d.
1401 3245 1458 3282 eos.
1479 3242 1539 3282 ιιι.
1569 3249 1598 3282 ιι.
1621 3242 1661 3282 ιι.
1684 3235 1777 3304 utique
1795 3239 1977 3307 praesumptio

384 3320 509 3381 incendia
530 3319 580 3370 leri
600 3319 674 3387 eulpa
694 3331 752 3368 esse
770 3313 895 3376 faeta,ut
913 3307 1092 3378 praesumptio
1104 3306 1154 3358 ali·
1206 3310 1260 3362 erit
1278 3310 1364 3364 valida
1390 3325 1478 3366 contra
1504 3313 1746 3382 Patrerufamilias,
1765 3320 1812 3387 qui
1834 3332 1977 3390 eapropter

383 3403 448 3472 quid
465 3412 605 3473 operetur,
625 3399 720 3454 Johan.
740 3397 845 3448 Lnbler.
863 3395 896 3448 de
915 3391 1024 3446 ineend.
1037 3409 1060 3440 e.
1081 3403 1104 3442 t.
1124 3407 1153 3440 ιι.
1207 3395 1259 3448 erit
1276 3395 1407 3464 obligatus
1424 3397 1457 3448 ad
1475 3398 1669 3452 restitutionem
1687 3401 1794 3464 damni,
1813 3412 1841 3455 et
1859 3405 1972 3458 iuteres-

388 3497 430 3536 ιι.
449 3486 542 3554 Carpe.
561 3490 612 3541 Ρι.
635 3483 712 3535 crim.
735 3483 769 3548 Q.
798 3492 839 3531 ιι.
867 3497 896 3529 ιι.
917 3489 958 3529 ιι.
976 3472 1084 3526 Fachin.
1107 3470 1153 3522 lid·
1205 3477 1269 3530 sel.
1289 3480 1337 3532 ult.
1356 3487 1378 3542 ς.
1400 3477 1494 3548 arleff
1512 3493 1590 3535 aaut.
1610 3487 1801 3546 amesseae.
1821 3487 1975 3560 Carpo?-

391 3583 412 3620 ι.
430 3578 551 3622 centron.
572 3578 613 3618 st.
633 3567 704 3618 naec
728 3575 815 3618 tamen
838 3560 1023 3632 praesumptio
1043 3557 1152 3626 eulpae·
1207 3572 1231 3613 ι.
1250 3563 1345 3617 Conse.
1368 3573 1407 3615 ιι.
1425 3563 1509 3632 defin.
1537 3577 1579 3616 ιι.
1599 3565 1744 3618 Posteriori
1770 3583 1832 3620 rero
1851 3587 1927 3634 msn,
1947 3573 1971 3623 si

385 3653 408 3705 ai
428 3651 571 3706 conduntur
584 3649 625 3702 rel
638 3647 800 3700 inhabitator
816 3645 929 3717 probare
948 3642 1045 3714 possit,
1060 3657 1088 3691 se
1108 3639 1149 3690 de·
1207 3646 1402 3700 Paterfamilias
1413 3646 1446 3700 nt
1464 3647 1570 3716 eulpam
1583 3649 1744 3717 reliquorum
1759 3649 1970 3707 intrabttatomm

384 3737 470 3789 bitum
489 3733 654 3803 diligentiam
680 3731 852 3795 adhibuisse,
870 3727 937 3782 elidi
963 3735 1064 3795 potest;
1083 3723 1152 3796 qnod
1206 3749 1258 3785 nou
1277 3729 1315 3782 sit
1332 3730 1476 3798 obligatus:
1496 3749 1519 3783 e.
1543 3749 1568 3800 g.
1588 3734 1613 3785 si
1632 3731 1733 3786 familia
1753 3747 1827 3790 extra
1848 3733 1973 3791 officium

384 3830 477 3888 aperte
495 3817 586 3870 innuit
603 3815 682 3869 JCtus
711 3814 822 3868 altanus
840 3814 869 3866 ἰιι
898 3813 915 3866 l.
933 3812 960 3864 ri
978 3810 1088 3864 uendite
1111 3821 1140 3863 ιι
1205 3815 1257 3869 sibi
1277 3813 1449 3868 commissum
1472 3813 1624 3884 delinquat,
1645 3817 1689 3868 rel
1708 3817 1733 3868 si
1757 3819 1834 3889 eulpa
1856 3819 1969 3874 adrena-

375 3903 417 3973 ff.
436 3903 469 3956 de
485 3902 566 3971 petie.
580 3911 606 3954 et
616 3902 751 3954 commod.
763 3900 804 3954 rei
816 3897 893 3951 vend.
905 3895 952 3949 ubi
964 3894 1082 3948 venditor
1094 3912 1151 3946 eam
1203 3919 1264 3955 rum
1282 3897 1436 3951 incendium
1453 3897 1535 3952 fuerit
1554 3911 1657 3966 ortum,
1676 3909 1785 3954 eatenus
1804 3903 1877 3956 eadit
1893 3923 1971 3975 prae-

386 3986 555 4054 diligentiam
575 3987 685 4057 probare
702 3985 780 4038 debet
794 4001 822 4036 se
834 3980 1002 4042 adhibuisse,
1015 3997 1094 4047 quam
1106 3979 1152 4030 ad·
1203 3983 1320 4057 sumptio
1335 3982 1364 4034 in
1379 3982 1612 4048 Patretnfamilias,
1621 3982 1705 4038 donee
1718 3985 1887 4056 diligentiam
1900 4005 1975 4045 snam

388 4069 482 4123 bibent
498 4069 621 4122 homines
647 4068 735 4138 frugi,
756 4079 783 4122 et
806 4069 946 4137 diligentes
965 4063 1049 4132 (quae
1074 4062 1151 4114 acrba
1201 4067 1360 4139 probaverit,
1379 4065 1450 4136 quod
1467 4066 1576 4138 quidem
1595 4067 1787 4123 Patrifamilias
1806 4071 1972 4141 probatufa-

387 4158 480 4226 eulpae
495 4153 547 4207 leri
560 4157 747 4226 opponuntur)
765 4153 789 4205 si
807 4153 842 4208 ita
861 4149 924 4222 quid
943 4147 1098 4210 accidisset,
1117 4147 1150 4200 ad
1201 4151 1280 4203 eitius
1307 4150 1375 4216 erit,
1393 4169 1472 4220 quam
1498 4150 1648 4206 aduersario
1671 4151 1864 4209 demonstratio
1882 4165 1973 4209 eoetae

386 4257 446 4292 eum
465 4255 519 4292 non
539 4239 688 4310 pertinere.
1203 4250 1345 4306 personae,
1365 4252 1431 4305 qnae
1455 4236 1560 4305 culpam
1585 4235 1781 4306 oommisisset,
1799 4251 1879 4312 prout
1903 4241 1968 4295 baeu

421 4324 585 4392 Quarnqnam
601 4331 693 4376 autem
710 4321 842 4375 eontraria
858 4319 991 4374 sententia
1003 4318 1151 4372 dommum·
1202 4321 1310 4376 ‹ledaeit
1326 4321 1379 4372 Du.
1397 4319 1526 4391 Carpum
1544 4325 1597 4376 Pr.
1619 4321 1703 4375 Crine.
1721 4327 1758 4378 P·
1779 4335 1804 4376 ι.
1825 4329 1858 4394 Q.
1879 4338 1921 4379 ιι.
1941 4347 1971 4381 ιι.

386 4421 426 4462 ter
445 4407 533 4461 ferea
553 4407 606 4459 lid.
633 4416 737 4478 recepta
762 4405 894 4468 rideatur,
911 4404 982 4474 qnod
1001 4421 1037 4458 ao.
1054 4403 1150 4473 proha·
1203 4421 1245 4460 ιι.
1266 4405 1335 4459 hdd.
1353 4405 1463 4458 Fachin.
1482 4407 1530 4458 lii.
1553 4418 1575 4458 ι.
1594 4417 1838 4481 conrrooera.eap.
1853 4412 1973 4467 aheim.

383 4493 456 4546 tione
473 4490 627 4560 diligentiae
636 4491 743 4544 onerari
761 4508 816 4542 non
835 4489 930 4542 debeat
947 4485 1148 4558 paterfamilias,
1189 4490 1249 4562 fia.
1267 4491 1336 4543 Dan.
1356 4491 1461 4545 Mulier.
1483 4492 1501 4544 l.
1522 4502 1546 4542 t.
1567 4495 1695 4546 demestr.
1714 4513 1737 4547 e.
1754 4507 1797 4548 ιι.
1816 4515 1844 4548 ιι.
1866 4509 1891 4549 ι.

382 4578 437 4630 nisi
456 4593 489 4629 ex
508 4575 770 4632 iueeudiodamnnm
788 4589 878 4645 passus
896 4571 1001 4642 eulpam
1022 4570 1148 4623 Patrisfa-
1236 4575 1309 4627 Hine
1327 4572 1355 4627 id
1372 4585 1493 4645 putarem
1513 4575 1620 4630 eradere
1640 4575 1828 4641 manifestum,
1843 4577 1968 4634 indubio

389 4660 494 4722 suillas,
516 4661 555 4713 ael
573 4659 647 4712 illius
666 4659 700 4710 ad
713 4659 787 4726 eujus
801 4655 897 4710 fartum
908 4651 1091 4726 praestandum
1104 4652 1150 4705 bie
1200 4657 1430 4712 Patremfantilias
1443 4660 1477 4712 ad
1491 4659 1657 4729 diligentiam
1670 4677 1745 4714 suam
1758 4661 1901 4716 dooendam
1917 4683 1977 4720 esse

384 4752 425 4797 est
443 4743 571 4810 obligatus
589 4741 763 4796 intervenisse
782 4739 943 4811 probaverit,
957 4749 985 4792 ut
1002 4738 1147 4791 auttnait.
1199 4742 1367 4811 obligatum,
1389 4753 1420 4796 ut
1438 4743 1474 4798 ita
1492 4745 1739 4815 praesumptionem
1758 4758 1846 4800 eontra
1860 4749 1973 4802 semili-

383 4829 409 4880 d.
428 4827 531 4880 observ.
552 4837 594 4878 tt.
612 4845 640 4878 ιι.
661 4839 684 4878 ι.
703 4827 791 4892 Myns·
804 4834 874 4877 eant.
889 4837 914 4877 ι.
925 4825 983 4876 ode.
999 4833 1041 4874 ιι.
1061 4842 1089 4875 ιι.
1106 4835 1147 4874 ιι.
1199 4837 1296 4881 tantem
1309 4827 1399 4879 elidat.
1416 4828 1555 4896 Quomodo
1573 4837 1662 4881 autem
1676 4827 1740 4880 haee
1750 4828 1893 4899 diligentia
1907 4850 1973 4902 pm-

386 4923 412 4964 et
435 4927 509 4982 seqq.
537 4909 620 4962 Andr.
648 4906 795 4963 hauebbar.
816 4927 844 4979 p.
876 4921 900 4961 ι.
924 4930 950 4980 q.
985 4921 1023 4962 to.
1050 4929 1078 4961 n.
1106 4920 1147 4961 et.
1198 4909 1277 4963 betur
1296 4911 1349 4964 rid.
1376 4912 1499 4966 Menoch.
1528 4915 1565 4966 A.
1594 4915 1619 4966 Ι.
1649 4915 1682 4981 Q.
1706 4929 1762 4965 eas.
1789 4925 1851 4966 ιιι).
1877 4933 1905 4968 ιι.
1932 4929 1973 4968 ιι.

384 4996 482 5049 ltfatth.
500 4992 619 5048 Berlieh.
636 5014 665 5064 p.
685 5004 710 5045 t.
727 4993 813 5048 eond-
835 5003 875 5046 ιι.
900 5013 929 5046 ιι.
950 5005 992 5046 ιι.
1010 5004 1038 5046 et
1054 4992 1087 5045 ab
1106 4994 1149 5046 bis
1201 4993 1322 5048 farinae.
1345 4998 1377 5062 Q.
1392 5009 1449 5048 tto.
1461 5015 1489 5049 ιι.
1510 5008 1551 5050 ιι.
1564 5006 1591 5050 et
1603 5011 1677 5067 seqq.
1692 4994 1761 5048 hdd.
1774 4999 1835 5052 doh.
1853 5015 1869 5049 a
1884 5001 1977 5054 Saude

385 5079 470 5130 fusius
494 5079 607 5147 allegati.
633 5079 734 5130 'famen
759 5079 871 5133 rationes
901 5076 1054 5132 eorttmdem
1084 5079 1148 5130 tanti
1201 5080 1292 5132 Dacis.
1311 5079 1445 5134 Frisiaar.
1465 5081 1512 5134 tit.
1533 5096 1556 5136 ι.
1576 5082 1618 5135 ιιι.
1638 5095 1663 5134 ι.
1682 5079 1739 5149 dqfi
1763 5090 1803 5134 ιο.
1823 5081 1854 5136 lit
1873 5081 1975 5136 foman-

388 5162 520 5216 mmnenti
546 5181 600 5216 non
625 5175 698 5230 aunt,
715 5173 746 5218 ut
768 5160 971 5235 praecedentem
994 5163 1148 5233 opinionem
1201 5162 1253 5215 lam
1272 5164 1472 5232 pronunciandi
1491 5165 1520 5218 in
1539 5165 1693 5221 scabinatu
1711 5162 1833 5230 lipiensi
1850 5165 1973 5220 usitatam

385 5245 533 5316 infringere
552 5248 661 5301 valeant.
681 5247 752 5304 Lioet
775 5251 848 5303 euim
875 5248 1055 5320 praesumptio
1074 5265 1149 5317 regu·
1201 5250 1244 5302 his
1262 5249 1366 5315 aerbis;
1385 5252 1428 5303 Es
1453 5269 1542 5306 waere
1566 5252 1642 5305 deun
1661 5251 1768 5315 nocie,
1786 5251 1851 5304 dass
1880 5265 1912 5304 er
1928 5251 1974 5304 he-

385 5332 474 5386 lariter
493 5335 527 5387 sit
540 5335 568 5387 in
581 5347 680 5406 partem
697 5335 882 5405 benigniorem
893 5372 900 5398 ,
911 5346 936 5388 et
946 5333 1062 5404 quilibet
1075 5351 1149 5405 prae·
1202 5335 1299 5388 weiseu
1308 5371 1317 5398 ,
1337 5337 1395 5390 und
1412 5337 1575 5407 hep-bringeri
1591 5336 1729 5398 moeelate,
1746 5337 1812 5392 dass
1829 5352 1862 5389 er
1877 5337 1976 5389 seiueu

388 5429 511 5474 intuatur
522 5418 682 5488 industrius,
697 5419 778 5476 donec
790 5421 856 5474 alter
871 5418 1063 5492 negligentiam
1075 5421 1148 5490 ejus,
1202 5421 1343 5478 ltoeelasten
1360 5423 1464 5491 Pleias,
1476 5425 1588 5480 solohen
1603 5422 1729 5479 sotadeo
1745 5423 1973 5492 uorsulomtuea,
