<?xml version="1.0" encoding="UTF-8"?>
<!DOCTYPE html PUBLIC "-//W3C//DTD XHTML 1.0 Transitional//EN"
    "http://www.w3.org/TR/xhtml1/DTD/xhtml1-transitional.dtd">
<html xmlns="http://www.w3.org/1999/xhtml" xml:lang="en" lang="en">
 <head>
  <title>
</title>
<meta http-equiv="Content-Type" content="text/html;charset=utf-8" />
  <meta name='ocr-system' content='tesseract 3.04.00' />
  <meta name='ocr-capabilities' content='ocr_page ocr_carea ocr_par ocr_line ocrx_word'/>
</head>
<body>
  <div class='ocr_page' id='page_1' title='image "./samuelisstrykii09schogoog_0173.png"; bbox 0 0 4478 6350; ppageno 0'>
   <div class='ocr_carea' id='block_1_1' title="bbox 266 552 1341 719">
    <p class='ocr_par' dir='ltr' id='par_1_1' title="bbox 266 515 1341 719">
     <span class='ocr_line' id='line_1_1' title="bbox 337 552 1341 634; baseline -0.003 -18"><span class='ocrx_word' id='word_1_1' title='bbox 337 563 386 634; x_wconf 57' lang='grc' dir='ltr'>ι..</span> <span class='ocrx_word' id='word_1_2' title='bbox 780 555 828 610; x_wconf 80' lang='lat' dir='ltr'>nr</span> <span class='ocrx_word' id='word_1_3' title='bbox 846 552 962 610; x_wconf 78' lang='lat' dir='ltr'>rosus</span> <span class='ocrx_word' id='word_1_4' title='bbox 980 553 1142 610; x_wconf 75' lang='lat' dir='ltr'>mennon</span> <span class='ocrx_word' id='word_1_5' title='bbox 1162 554 1341 614; x_wconf 77' lang='lat' dir='ltr'>orsusns.</span> 
     </span>
     <span class='ocr_line' id='line_1_2' title="bbox 266 649 1034 719; baseline -0.021 0"><span class='ocrx_word' id='word_1_6' title='bbox 266 660 327 719; x_wconf 85' lang='lat' dir='ltr'>und</span> <span class='ocrx_word' id='word_1_7' title='bbox 341 658 402 714; x_wconf 84' lang='lat' dir='ltr'>sein</span> <span class='ocrx_word' id='word_1_8' title='bbox 422 655 514 712; x_wconf 69' lang='lat' dir='ltr'>mur</span> <span class='ocrx_word' id='word_1_9' title='bbox 536 673 569 710; x_wconf 83' lang='grc' dir='ltr'>ιιι</span> <span class='ocrx_word' id='word_1_10' title='bbox 596 651 754 716; x_wconf 77' lang='lat' dir='ltr'>iewoireu,</span> <span class='ocrx_word' id='word_1_11' title='bbox 775 649 832 702; x_wconf 82' lang='lat' dir='ltr'>und</span> <span class='ocrx_word' id='word_1_12' title='bbox 852 651 880 702; x_wconf 87' lang='lat' dir='ltr'>iu</span> <span class='ocrx_word' id='word_1_13' title='bbox 899 651 976 704; x_wconf 73' lang='lat' dir='ltr'>Hutls</span> <span class='ocrx_word' id='word_1_14' title='bbox 1000 669 1034 703; x_wconf 80' lang='lat' dir='ltr'>uu</span> 
     </span>
    </p>
   </div>
   <div class='ocr_carea' id='block_1_2' title="bbox 269 561 1922 812">
    <p class='ocr_par' dir='ltr' id='par_1_2' title="bbox 269 561 1922 812">
     <span class='ocr_line' id='line_1_3' title="bbox 1726 561 1776 616; baseline 0.04 -3"><span class='ocrx_word' id='word_1_15' title='bbox 1726 561 1776 616; x_wconf 78' lang='lat'>328</span> 
     </span>
     <span class='ocr_line' id='line_1_4' title="bbox 1120 650 1922 724; baseline 0.021 -22"><span class='ocrx_word' id='word_1_16' title='bbox 1120 650 1161 704; x_wconf 79' lang='lat' dir='ltr'>Ex</span> <span class='ocrx_word' id='word_1_17' title='bbox 1186 651 1283 721; x_wconf 85' lang='lat' dir='ltr'>quibus</span> <span class='ocrx_word' id='word_1_18' title='bbox 1306 653 1430 710; x_wconf 85' lang='lat' dir='ltr'>omnibus</span> <span class='ocrx_word' id='word_1_19' title='bbox 1455 655 1592 724; x_wconf 80' lang='lat' dir='ltr'>elucescit,</span> <span class='ocrx_word' id='word_1_20' title='bbox 1618 657 1772 714; x_wconf 74' lang='lat' dir='ltr'>incendium</span> <span class='ocrx_word' id='word_1_21' title='bbox 1803 662 1845 716; x_wconf 87' lang='lat' dir='ltr'>in·</span> <span class='ocrx_word' id='word_1_22' title='bbox 1892 676 1922 720; x_wconf 86' lang='lat' dir='ltr'>to</span> 
     </span>
     <span class='ocr_line' id='line_1_5' title="bbox 269 733 1855 812; baseline 0.005 -21"><span class='ocrx_word' id='word_1_23' title='bbox 269 745 381 808; x_wconf 69' lang='lat' dir='ltr'>tanen,</span> <span class='ocrx_word' id='word_1_24' title='bbox 400 743 517 812; x_wconf 71' lang='lat' dir='ltr'>gethan,</span> <span class='ocrx_word' id='word_1_25' title='bbox 534 736 593 794; x_wconf 85' lang='lat' dir='ltr'>und</span> <span class='ocrx_word' id='word_1_26' title='bbox 607 744 767 806; x_wconf 73' lang='lat' dir='ltr'>vorgeuout</span> <span class='ocrx_word' id='word_1_27' title='bbox 787 733 893 794; x_wconf 77' lang='lat' dir='ltr'>laoette,</span> <span class='ocrx_word' id='word_1_28' title='bbox 912 733 1032 788; x_wconf 83' lang='lat' dir='ltr'>oirdonn</span> <span class='ocrx_word' id='word_1_29' title='bbox 1084 745 1182 788; x_wconf 84' lang='lat' dir='ltr'>certum</span> <span class='ocrx_word' id='word_1_30' title='bbox 1208 735 1242 786; x_wconf 85' lang='lat' dir='ltr'>ad</span> <span class='ocrx_word' id='word_1_31' title='bbox 1267 736 1381 788; x_wconf 76' lang='lat' dir='ltr'>casualia</span> <span class='ocrx_word' id='word_1_32' title='bbox 1399 755 1453 791; x_wconf 91' lang='lat' dir='ltr'>non</span> <span class='ocrx_word' id='word_1_33' title='bbox 1472 738 1563 792; x_wconf 78' lang='lat' dir='ltr'>statim</span> <span class='ocrx_word' id='word_1_34' title='bbox 1590 758 1646 794; x_wconf 87' lang='lat' dir='ltr'>esse</span> <span class='ocrx_word' id='word_1_35' title='bbox 1663 741 1855 811; x_wconf 76' lang='lat' dir='ltr'>referendum,</span> 
     </span>
    </p>
   </div>
   <div class='ocr_carea' id='block_1_3' title="bbox 267 817 1850 986">
    <p class='ocr_par' dir='ltr' id='par_1_3' title="bbox 267 817 1850 986">
     <span class='ocr_line' id='line_1_6' title="bbox 268 817 1847 895; baseline -0.001 -14"><span class='ocrx_word' id='word_1_36' title='bbox 268 829 324 882; x_wconf 84' lang='lat' dir='ltr'>und</span> <span class='ocrx_word' id='word_1_37' title='bbox 346 825 406 895; x_wconf 60' lang='lat' dir='ltr'>ores</span> <span class='ocrx_word' id='word_1_38' title='bbox 421 819 532 878; x_wconf 80' lang='lat' dir='ltr'>roiclreri</span> <span class='ocrx_word' id='word_1_39' title='bbox 555 821 623 874; x_wconf 74' lang='lat' dir='ltr'>Fatt</span> <span class='ocrx_word' id='word_1_40' title='bbox 639 817 710 872; x_wconf 76' lang='lat' dir='ltr'>utet</span> <span class='ocrx_word' id='word_1_41' title='bbox 729 836 760 872; x_wconf 81' lang='lat' dir='ltr'>er</span> <span class='ocrx_word' id='word_1_42' title='bbox 781 819 840 872; x_wconf 82' lang='lat' dir='ltr'>desc</span> <span class='ocrx_word' id='word_1_43' title='bbox 859 817 936 886; x_wconf 75' lang='lat' dir='ltr'>titttg</span> <span class='ocrx_word' id='word_1_44' title='bbox 959 821 1033 871; x_wconf 73' lang='lat' dir='ltr'>olane</span> <span class='ocrx_word' id='word_1_45' title='bbox 1084 820 1236 891; x_wconf 75' lang='lat' dir='ltr'>praesertim</span> <span class='ocrx_word' id='word_1_46' title='bbox 1249 821 1272 874; x_wconf 87' lang='lat' dir='ltr'>si</span> <span class='ocrx_word' id='word_1_47' title='bbox 1287 820 1316 876; x_wconf 95' lang='lat' dir='ltr'>in</span> <span class='ocrx_word' id='word_1_48' title='bbox 1330 841 1360 876; x_wconf 88' lang='lat' dir='ltr'>co</span> <span class='ocrx_word' id='word_1_49' title='bbox 1377 824 1434 879; x_wconf 86' lang='lat' dir='ltr'>ioco</span> <span class='ocrx_word' id='word_1_50' title='bbox 1451 823 1535 878; x_wconf 73' lang='lat' dir='ltr'>fucrit</span> <span class='ocrx_word' id='word_1_51' title='bbox 1549 827 1703 895; x_wconf 81' lang='lat' dir='ltr'>subortum,</span> <span class='ocrx_word' id='word_1_52' title='bbox 1715 830 1847 886; x_wconf 84' lang='lat' dir='ltr'>nbioom.</span> 
     </span>
     <span class='ocr_line' id='line_1_7' title="bbox 267 901 1850 986; baseline -0.003 -22"><span class='ocrx_word' id='word_1_53' title='bbox 267 912 448 980; x_wconf 71' lang='lat' dir='ltr'>antgeltnrtsr,</span> <span class='ocrx_word' id='word_1_54' title='bbox 465 905 555 960; x_wconf 80' lang='lat' dir='ltr'>refert.</span> <span class='ocrx_word' id='word_1_55' title='bbox 574 905 628 956; x_wconf 90' lang='lat' dir='ltr'>Du.</span> <span class='ocrx_word' id='word_1_56' title='bbox 646 903 753 956; x_wconf 83' lang='lat' dir='ltr'>Mntlcr.</span> <span class='ocrx_word' id='word_1_57' title='bbox 771 907 898 956; x_wconf 81' lang='lat' dir='ltr'>d&#39;emestr.</span> <span class='ocrx_word' id='word_1_58' title='bbox 911 901 937 952; x_wconf 81' lang='lat' dir='ltr'>d.</span> <span class='ocrx_word' id='word_1_59' title='bbox 951 919 975 954; x_wconf 87' lang='lat' dir='ltr'>c.</span> <span class='ocrx_word' id='word_1_60' title='bbox 990 911 1032 954; x_wconf 78' lang='lat' dir='ltr'>nt.</span> <span class='ocrx_word' id='word_1_61' title='bbox 1084 902 1204 956; x_wconf 76' lang='lat' dir='ltr'>munitet</span> <span class='ocrx_word' id='word_1_62' title='bbox 1221 903 1292 972; x_wconf 77' lang='lat' dir='ltr'>ignis</span> <span class='ocrx_word' id='word_1_63' title='bbox 1311 904 1404 959; x_wconf 76' lang='lat' dir='ltr'>haberi</span> <span class='ocrx_word' id='word_1_64' title='bbox 1421 907 1504 972; x_wconf 63' lang='lat' dir='ltr'>soletg</span> <span class='ocrx_word' id='word_1_65' title='bbox 1524 909 1578 960; x_wconf 85' lang='lat' dir='ltr'>rid.</span> <span class='ocrx_word' id='word_1_66' title='bbox 1597 909 1687 963; x_wconf 80' lang='lat' dir='ltr'>Farin.</span> <span class='ocrx_word' id='word_1_67' title='bbox 1705 913 1731 966; x_wconf 84' lang='lat' dir='ltr'>d.</span> <span class='ocrx_word' id='word_1_68' title='bbox 1747 935 1771 986; x_wconf 74' lang='lat' dir='ltr'>q.</span> <span class='ocrx_word' id='word_1_69' title='bbox 1789 925 1850 970; x_wconf 85' lang='lat' dir='ltr'>tto.</span> 
     </span>
    </p>
   </div>
   <div class='ocr_carea' id='block_1_4' title="bbox 266 985 1848 1066">
    <p class='ocr_par' dir='ltr' id='par_1_4' title="bbox 266 985 1848 1066">
     <span class='ocr_line' id='line_1_8' title="bbox 266 985 1848 1066; baseline 0.005 -22"><span class='ocrx_word' id='word_1_70' title='bbox 266 1017 294 1050; x_wconf 78' lang='grc' dir='ltr'>η.</span> <span class='ocrx_word' id='word_1_71' title='bbox 314 1007 337 1048; x_wconf 87' lang='grc' dir='ltr'>ι.</span> <span class='ocrx_word' id='word_1_72' title='bbox 355 1009 514 1064; x_wconf 83' lang='lat' dir='ltr'>quamquam</span> <span class='ocrx_word' id='word_1_73' title='bbox 533 988 613 1042; x_wconf 73' lang='lat' dir='ltr'>fatear</span> <span class='ocrx_word' id='word_1_74' title='bbox 624 987 658 1041; x_wconf 87' lang='lat' dir='ltr'>ab</span> <span class='ocrx_word' id='word_1_75' title='bbox 671 989 719 1040; x_wconf 84' lang='lat' dir='ltr'>hac</span> <span class='ocrx_word' id='word_1_76' title='bbox 729 985 885 1058; x_wconf 72' lang='lat' dir='ltr'>opinionon</span> <span class='ocrx_word' id='word_1_77' title='bbox 899 985 1032 1038; x_wconf 81' lang='lat' dir='ltr'>Sereuiss·</span> <span class='ocrx_word' id='word_1_78' title='bbox 1085 1006 1113 1041; x_wconf 88' lang='lat' dir='ltr'>n·</span> <span class='ocrx_word' id='word_1_79' title='bbox 1130 999 1171 1040; x_wconf 79' lang='grc' dir='ltr'>ιι.</span> <span class='ocrx_word' id='word_1_80' title='bbox 1185 989 1263 1060; x_wconf 85' lang='lat' dir='ltr'>quale</span> <span class='ocrx_word' id='word_1_81' title='bbox 1279 1007 1381 1061; x_wconf 88' lang='lat' dir='ltr'>quoque</span> <span class='ocrx_word' id='word_1_82' title='bbox 1394 1005 1512 1046; x_wconf 89' lang='lat' dir='ltr'>nostrum</span> <span class='ocrx_word' id='word_1_83' title='bbox 1526 993 1759 1050; x_wconf 80' lang='lat' dir='ltr'>Francofurtanurn</span> <span class='ocrx_word' id='word_1_84' title='bbox 1778 1010 1848 1066; x_wconf 77' lang='lat' dir='ltr'>ernt3</span> 
     </span>
    </p>
   </div>
   <div class='ocr_carea' id='block_1_5' title="bbox 153 1071 1848 1147">
    <p class='ocr_par' dir='ltr' id='par_1_5' title="bbox 153 1071 1848 1147">
     <span class='ocr_line' id='line_1_9' title="bbox 153 1071 1848 1147; baseline 0.002 -16"><span class='ocrx_word' id='word_1_85' title='bbox 153 1129 157 1138; x_wconf 91' lang='grc'>,</span> <span class='ocrx_word' id='word_1_86' title='bbox 266 1082 385 1135; x_wconf 78' lang='lat' dir='ltr'>Electore</span> <span class='ocrx_word' id='word_1_87' title='bbox 411 1076 541 1132; x_wconf 73' lang='lat' dir='ltr'>saxoniae</span> <span class='ocrx_word' id='word_1_88' title='bbox 566 1091 623 1128; x_wconf 89' lang='lat' dir='ltr'>esse</span> <span class='ocrx_word' id='word_1_89' title='bbox 647 1089 779 1128; x_wconf 76' lang='lat' dir='ltr'>recessum</span> <span class='ocrx_word' id='word_1_90' title='bbox 802 1072 1033 1126; x_wconf 83' lang='lat' dir='ltr'>Decic·E1eotor·</span> <span class='ocrx_word' id='word_1_91' title='bbox 1081 1078 1113 1125; x_wconf 88' lang='lat' dir='ltr'>ut</span> <span class='ocrx_word' id='word_1_92' title='bbox 1130 1071 1195 1124; x_wconf 85' lang='lat' dir='ltr'>hino</span> <span class='ocrx_word' id='word_1_93' title='bbox 1212 1073 1309 1126; x_wconf 87' lang='lat' dir='ltr'>merito</span> <span class='ocrx_word' id='word_1_94' title='bbox 1327 1074 1360 1128; x_wconf 85' lang='lat' dir='ltr'>ad</span> <span class='ocrx_word' id='word_1_95' title='bbox 1378 1077 1562 1146; x_wconf 77' lang='lat' dir='ltr'>pmbationem</span> <span class='ocrx_word' id='word_1_96' title='bbox 1576 1077 1727 1147; x_wconf 83' lang='lat' dir='ltr'>diligentiae</span> <span class='ocrx_word' id='word_1_97' title='bbox 1740 1081 1848 1135; x_wconf 82' lang='lat' dir='ltr'>intubi·</span> 
     </span>
    </p>
   </div>
   <div class='ocr_carea' id='block_1_6' title="bbox 269 1155 1851 1471">
    <p class='ocr_par' dir='ltr' id='par_1_6' title="bbox 269 1155 1851 1320">
     <span class='ocr_line' id='line_1_10' title="bbox 271 1155 1851 1240; baseline 0.003 -22"><span class='ocrx_word' id='word_1_98' title='bbox 271 1180 312 1220; x_wconf 81' lang='lat' dir='ltr'>so·</span> <span class='ocrx_word' id='word_1_99' title='bbox 333 1167 419 1218; x_wconf 75' lang='lat' dir='ltr'>Strui.</span> <span class='ocrx_word' id='word_1_100' title='bbox 439 1173 481 1216; x_wconf 84' lang='grc' dir='ltr'>ιι.</span> <span class='ocrx_word' id='word_1_101' title='bbox 496 1161 533 1213; x_wconf 87' lang='grc' dir='ltr'><strong><em>ιΙι.</em></strong></span> <span class='ocrx_word' id='word_1_102' title='bbox 552 1171 597 1214; x_wconf 77' lang='grc' dir='ltr'>ιι.</span> <span class='ocrx_word' id='word_1_103' title='bbox 613 1157 659 1212; x_wconf 91' lang='lat' dir='ltr'>ubi</span> <span class='ocrx_word' id='word_1_104' title='bbox 679 1159 783 1229; x_wconf 84' lang='lat' dir='ltr'>cuipam</span> <span class='ocrx_word' id='word_1_105' title='bbox 802 1155 831 1208; x_wconf 91' lang='lat' dir='ltr'>iu</span> <span class='ocrx_word' id='word_1_106' title='bbox 850 1156 974 1209; x_wconf 87' lang='lat' dir='ltr'>inccndio</span> <span class='ocrx_word' id='word_1_107' title='bbox 994 1157 1032 1207; x_wconf 85' lang='lat' dir='ltr'>al·</span> <span class='ocrx_word' id='word_1_108' title='bbox 1084 1167 1150 1211; x_wconf 78' lang='lat' dir='ltr'>ntor</span> <span class='ocrx_word' id='word_1_109' title='bbox 1176 1159 1376 1228; x_wconf 77' lang='lat' dir='ltr'>adstringatur3</span> <span class='ocrx_word' id='word_1_110' title='bbox 1396 1179 1445 1215; x_wconf 88' lang='lat' dir='ltr'>nec</span> <span class='ocrx_word' id='word_1_111' title='bbox 1469 1164 1559 1216; x_wconf 88' lang='lat' dir='ltr'>statim</span> <span class='ocrx_word' id='word_1_112' title='bbox 1586 1163 1657 1234; x_wconf 86' lang='lat' dir='ltr'>quod</span> <span class='ocrx_word' id='word_1_113' title='bbox 1677 1164 1851 1240; x_wconf 80' lang='lat' dir='ltr'>improvisum</span> 
     </span>
     <span class='ocr_line' id='line_1_11' title="bbox 269 1237 1646 1320; baseline -0.001 -18"><span class='ocrx_word' id='word_1_114' title='bbox 269 1252 358 1318; x_wconf 73' lang='lat' dir='ltr'>legans</span> <span class='ocrx_word' id='word_1_115' title='bbox 378 1247 496 1301; x_wconf 75' lang='lat' dir='ltr'>eumdem</span> <span class='ocrx_word' id='word_1_116' title='bbox 520 1244 632 1316; x_wconf 84' lang='lat' dir='ltr'>probare</span> <span class='ocrx_word' id='word_1_117' title='bbox 650 1242 738 1295; x_wconf 84' lang='lat' dir='ltr'>debet.</span> <span class='ocrx_word' id='word_1_118' title='bbox 764 1241 817 1294; x_wconf 88' lang='lat' dir='ltr'>Nos</span> <span class='ocrx_word' id='word_1_119' title='bbox 842 1251 945 1303; x_wconf 77' lang='lat' dir='ltr'>umen,</span> <span class='ocrx_word' id='word_1_120' title='bbox 964 1237 1028 1308; x_wconf 85' lang='lat' dir='ltr'>quid</span> <span class='ocrx_word' id='word_1_121' title='bbox 1082 1251 1134 1309; x_wconf 88' lang='lat' dir='ltr'>est,</span> <span class='ocrx_word' id='word_1_122' title='bbox 1153 1241 1231 1295; x_wconf 80' lang='lat' dir='ltr'>etiem</span> <span class='ocrx_word' id='word_1_123' title='bbox 1251 1244 1363 1299; x_wconf 79' lang='lat' dir='ltr'><em>casuale</em></span> <span class='ocrx_word' id='word_1_124' title='bbox 1382 1245 1433 1300; x_wconf 83' lang='lat' dir='ltr'>erit</span> <span class='ocrx_word' id='word_1_125' title='bbox 1449 1245 1646 1320; x_wconf 81' lang='lat' dir='ltr'>appellandum.</span> 
     </span>
    </p>

    <p class='ocr_par' dir='ltr' id='par_1_7' title="bbox 271 1323 1030 1402">
     <span class='ocr_line' id='line_1_12' title="bbox 271 1323 1030 1402; baseline -0.011 -18"><span class='ocrx_word' id='word_1_126' title='bbox 271 1335 301 1384; x_wconf 87' lang='lat' dir='ltr'>in</span> <span class='ocrx_word' id='word_1_127' title='bbox 318 1344 414 1402; x_wconf 87' lang='lat' dir='ltr'>puncto</span> <span class='ocrx_word' id='word_1_128' title='bbox 432 1330 501 1401; x_wconf 82' lang='lat' dir='ltr'>juris</span> <span class='ocrx_word' id='word_1_129' title='bbox 525 1327 628 1396; x_wconf 76' lang='lat' dir='ltr'>retius,</span> <span class='ocrx_word' id='word_1_130' title='bbox 647 1338 747 1382; x_wconf 85' lang='lat' dir='ltr'>tautum</span> <span class='ocrx_word' id='word_1_131' title='bbox 771 1324 902 1380; x_wconf 81' lang='lat' dir='ltr'>coluimus</span> <span class='ocrx_word' id='word_1_132' title='bbox 921 1323 1030 1376; x_wconf 85' lang='lat' dir='ltr'>demon-</span> 
     </span>
    </p>

    <p class='ocr_par' dir='ltr' id='par_1_8' title="bbox 270 1428 361 1471">
     <span class='ocr_line' id='line_1_13' title="bbox 270 1428 361 1471; baseline 0.022 -3"><span class='ocrx_word' id='word_1_133' title='bbox 270 1428 361 1471; x_wconf 77' lang='lat' dir='ltr'>snare.</span> 
     </span>
    </p>
   </div>
   <div class='ocr_carea' id='block_1_7' title="bbox 834 1585 1284 1678">
    <p class='ocr_par' dir='ltr' id='par_1_9' title="bbox 834 1585 1284 1678">
     <span class='ocr_line' id='line_1_14' title="bbox 834 1585 1284 1678; baseline 0 -2"><span class='ocrx_word' id='word_1_134' title='bbox 834 1585 1284 1678; x_wconf 74' lang='lat' dir='ltr'>n0s1&#39;T10vu.</span> 
     </span>
    </p>
   </div>
   <div class='ocr_carea' id='block_1_8' title="bbox 771 1811 1329 1904">
    <p class='ocr_par' dir='ltr' id='par_1_10' title="bbox 771 1811 1329 1904">
     <span class='ocr_line' id='line_1_15' title="bbox 771 1811 1329 1904; baseline 0.004 -24"><span class='ocrx_word' id='word_1_135' title='bbox 771 1813 829 1880; x_wconf 76' lang='lat' dir='ltr'>Dc</span> <span class='ocrx_word' id='word_1_136' title='bbox 849 1835 959 1904; x_wconf 85' lang='lat' dir='ltr'>poena</span> <span class='ocrx_word' id='word_1_137' title='bbox 985 1811 1149 1878; x_wconf 85' lang='lat' dir='ltr'>Incendii</span> <span class='ocrx_word' id='word_1_138' title='bbox 1170 1815 1329 1882; x_wconf 75' lang='lat' dir='ltr'>carseolis.</span> 
     </span>
    </p>
   </div>
   <div class='ocr_carea' id='block_1_9' title="bbox 274 2028 1852 2402">
    <p class='ocr_par' dir='ltr' id='par_1_11' title="bbox 274 2028 1852 2402">
     <span class='ocr_line' id='line_1_16' title="bbox 274 2028 1851 2131; baseline 0.003 -26"><span class='ocrx_word' id='word_1_139' title='bbox 274 2037 429 2117; x_wconf 82' lang='lat' dir='ltr'>Vicinus,</span> <span class='ocrx_word' id='word_1_140' title='bbox 448 2033 482 2098; x_wconf 91' lang='lat' dir='ltr'>in</span> <span class='ocrx_word' id='word_1_141' title='bbox 499 2035 595 2123; x_wconf 75' lang='lat' dir='ltr'>cujus</span> <span class='ocrx_word' id='word_1_142' title='bbox 610 2029 747 2097; x_wconf 81' lang='lat' dir='ltr'>oedibus</span> <span class='ocrx_word' id='word_1_143' title='bbox 761 2028 957 2098; x_wconf 79' lang='lat' dir='ltr'><em>incendium</em></span> <span class='ocrx_word' id='word_1_144' title='bbox 972 2029 1129 2112; x_wconf 75' lang='lat' dir='ltr'>casuale,</span> <span class='ocrx_word' id='word_1_145' title='bbox 1146 2031 1196 2099; x_wconf 83' lang='lat' dir='ltr'>vel</span> <span class='ocrx_word' id='word_1_146' title='bbox 1201 2033 1393 2118; x_wconf 81' lang='lat' dir='ltr'>fortuitum</span> <span class='ocrx_word' id='word_1_147' title='bbox 1412 2033 1601 2118; x_wconf 82' lang='lat' dir='ltr'>subortum,</span> <span class='ocrx_word' id='word_1_148' title='bbox 1622 2063 1639 2105; x_wconf 82' lang='lat' dir='ltr'>o</span> <span class='ocrx_word' id='word_1_149' title='bbox 1663 2064 1765 2131; x_wconf 80' lang='lat' dir='ltr'>poena</span> <span class='ocrx_word' id='word_1_150' title='bbox 1787 2042 1851 2108; x_wconf 93' lang='lat' dir='ltr'>im-</span> 
     </span>
     <span class='ocr_line' id='line_1_17' title="bbox 321 2121 1852 2214; baseline 0.003 -20"><span class='ocrx_word' id='word_1_151' title='bbox 321 2128 434 2194; x_wconf 88' lang='lat' dir='ltr'>munis</span> <span class='ocrx_word' id='word_1_152' title='bbox 450 2142 514 2204; x_wconf 87' lang='lat' dir='ltr'>cst,</span> <span class='ocrx_word' id='word_1_153' title='bbox 537 2147 597 2189; x_wconf 85' lang='lat' dir='ltr'>nco</span> <span class='ocrx_word' id='word_1_154' title='bbox 621 2121 726 2188; x_wconf 88' lang='lat' dir='ltr'>vicino</span> <span class='ocrx_word' id='word_1_155' title='bbox 746 2121 786 2186; x_wconf 89' lang='lat' dir='ltr'>ad</span> <span class='ocrx_word' id='word_1_156' title='bbox 807 2123 1046 2186; x_wconf 79' lang='lat' dir='ltr'>restitutionem</span> <span class='ocrx_word' id='word_1_157' title='bbox 1068 2121 1182 2186; x_wconf 85' lang='lat' dir='ltr'>damni</span> <span class='ocrx_word' id='word_1_158' title='bbox 1202 2123 1388 2214; x_wconf 58' lang='lat' dir='ltr'>obligatum</span> <span class='ocrx_word' id='word_1_159' title='bbox 1435 2122 1498 2191; x_wconf 91' lang='lat' dir='ltr'>uod</span> <span class='ocrx_word' id='word_1_160' title='bbox 1516 2125 1613 2196; x_wconf 79' lang='lat' dir='ltr'>aliter</span> <span class='ocrx_word' id='word_1_161' title='bbox 1631 2155 1665 2197; x_wconf 86' lang='lat' dir='ltr'>se</span> <span class='ocrx_word' id='word_1_162' title='bbox 1686 2133 1803 2213; x_wconf 79' lang='lat' dir='ltr'>habet,</span> <span class='ocrx_word' id='word_1_163' title='bbox 1825 2133 1852 2198; x_wconf 86' lang='lat' dir='ltr'>si</span> 
     </span>
     <span class='ocr_line' id='line_1_18' title="bbox 321 2150 1851 2311; baseline 0 -25"><span class='ocrx_word' id='word_1_164' title='bbox 321 2219 416 2308; x_wconf 77' lang='lat' dir='ltr'>culpa</span> <span class='ocrx_word' id='word_1_165' title='bbox 433 2214 543 2306; x_wconf 86' lang='lat' dir='ltr'>aliquo</span> <span class='ocrx_word' id='word_1_166' title='bbox 563 2210 792 2277; x_wconf 77' lang='lat' dir='ltr'>inhabitatoris</span> <span class='ocrx_word' id='word_1_167' title='bbox 812 2235 920 2276; x_wconf 78' lang='lat' dir='ltr'>cusum</span> <span class='ocrx_word' id='word_1_168' title='bbox 940 2212 1167 2300; x_wconf 81' lang='lat' dir='ltr'>praecesserit,</span> <span class='ocrx_word' id='word_1_169' title='bbox 1183 2213 1228 2278; x_wconf 92' lang='lat' dir='ltr'>sic</span> <span class='ocrx_word' id='word_1_170' title='bbox 1244 2215 1369 2279; x_wconf 81' lang='lat' dir='ltr'>enimc</span> <span class='ocrx_word' id='word_1_171' title='bbox 1395 2150 1586 2308; x_wconf 75' lang='lat' dir='ltr'>diogistrutn</span> <span class='ocrx_word' id='word_1_172' title='bbox 1607 2243 1713 2311; x_wconf 85' lang='lat' dir='ltr'>poena</span> <span class='ocrx_word' id='word_1_173' title='bbox 1733 2223 1851 2290; x_wconf 85' lang='lat' dir='ltr'>dictori</span> 
     </span>
     <span class='ocr_line' id='line_1_19' title="bbox 322 2298 1412 2402; baseline -0.004 -28"><span class='ocrx_word' id='word_1_174' title='bbox 322 2317 444 2402; x_wconf 87' lang='lat' dir='ltr'>potest,</span> <span class='ocrx_word' id='word_1_175' title='bbox 460 2317 492 2372; x_wconf 85' lang='lat' dir='ltr'>et</span> <span class='ocrx_word' id='word_1_176' title='bbox 509 2305 645 2394; x_wconf 88' lang='lat' dir='ltr'>insuper</span> <span class='ocrx_word' id='word_1_177' title='bbox 659 2299 702 2366; x_wconf 88' lang='lat' dir='ltr'>ad</span> <span class='ocrx_word' id='word_1_178' title='bbox 717 2302 874 2368; x_wconf 82' lang='lat' dir='ltr'>damnum</span> <span class='ocrx_word' id='word_1_179' title='bbox 891 2298 1137 2366; x_wconf 82' lang='lat' dir='ltr'>resarciendum</span> <span class='ocrx_word' id='word_1_180' title='bbox 1152 2303 1216 2368; x_wconf 83' lang='lat' dir='ltr'>erit</span> <span class='ocrx_word' id='word_1_181' title='bbox 1229 2301 1412 2372; x_wconf 80' lang='lat' dir='ltr'>obstrictus.</span> 
     </span>
    </p>
   </div>
   <div class='ocr_carea' id='block_1_10' title="bbox 463 2505 801 2564">
    <p class='ocr_par' dir='ltr' id='par_1_12' title="bbox 463 2505 801 2564">
     <span class='ocr_line' id='line_1_20' title="bbox 463 2505 801 2564; baseline -0.021 0"><span class='ocrx_word' id='word_1_182' title='bbox 463 2505 801 2564; x_wconf 76' lang='lat' dir='ltr'>co&#39;ststAutA</span> 
     </span>
    </p>
   </div>
   <div class='ocr_carea' id='block_1_11' title="bbox 280 2670 1043 2998">
    <p class='ocr_par' dir='ltr' id='par_1_13' title="bbox 282 2670 1043 2748">
     <span class='ocr_line' id='line_1_21' title="bbox 282 2670 1043 2748; baseline -0.024 -8"><span class='ocrx_word' id='word_1_183' title='bbox 282 2682 410 2744; x_wconf 76' lang='lat' dir='ltr'>Vicinus,</span> <span class='ocrx_word' id='word_1_184' title='bbox 428 2679 457 2732; x_wconf 87' lang='lat' dir='ltr'>iu</span> <span class='ocrx_word' id='word_1_185' title='bbox 478 2677 555 2748; x_wconf 77' lang='lat' dir='ltr'>cujus</span> <span class='ocrx_word' id='word_1_186' title='bbox 573 2677 685 2732; x_wconf 80' lang='lat' dir='ltr'>oedibus</span> <span class='ocrx_word' id='word_1_187' title='bbox 703 2673 858 2730; x_wconf 77' lang='lat' dir='ltr'>iumndium</span> <span class='ocrx_word' id='word_1_188' title='bbox 873 2670 984 2726; x_wconf 75' lang='lat' dir='ltr'>coeunte</span> <span class='ocrx_word' id='word_1_189' title='bbox 995 2671 1043 2724; x_wconf 83' lang='lat' dir='ltr'>oet</span> 
     </span>
    </p>

    <p class='ocr_par' dir='ltr' id='par_1_14' title="bbox 280 2755 1043 2998">
     <span class='ocr_line' id='line_1_22' title="bbox 305 2755 1043 2834; baseline -0.018 -18"><span class='ocrx_word' id='word_1_190' title='bbox 305 2762 461 2834; x_wconf 82' lang='lat' dir='ltr'>fortuitum</span> <span class='ocrx_word' id='word_1_191' title='bbox 473 2761 614 2814; x_wconf 82' lang='lat' dir='ltr'>subortum</span> <span class='ocrx_word' id='word_1_192' title='bbox 634 2779 652 2814; x_wconf 83' lang='lat' dir='ltr'><strong><em>a</em></strong></span> <span class='ocrx_word' id='word_1_193' title='bbox 668 2777 758 2829; x_wconf 84' lang='lat' dir='ltr'>poeno</span> <span class='ocrx_word' id='word_1_194' title='bbox 771 2755 900 2810; x_wconf 82' lang='lat' dir='ltr'>immunia</span> <span class='ocrx_word' id='word_1_195' title='bbox 913 2767 960 2808; x_wconf 79' lang='lat' dir='ltr'>est.</span> <span class='ocrx_word' id='word_1_196' title='bbox 975 2771 1002 2806; x_wconf 91' lang='grc' dir='ltr'>ιι.</span> <span class='ocrx_word' id='word_1_197' title='bbox 1020 2765 1043 2804; x_wconf 92' lang='grc' dir='ltr'>ι.</span> 
     </span>
     <span class='ocr_line' id='line_1_23' title="bbox 280 2839 1043 2910; baseline -0.018 -8"><span class='ocrx_word' id='word_1_198' title='bbox 280 2850 338 2902; x_wconf 78' lang='lat' dir='ltr'>Nec</span> <span class='ocrx_word' id='word_1_199' title='bbox 343 2845 436 2899; x_wconf 85' lang='lat' dir='ltr'>vicino</span> <span class='ocrx_word' id='word_1_200' title='bbox 444 2844 482 2896; x_wconf 84' lang='lat' dir='ltr'>od</span> <span class='ocrx_word' id='word_1_201' title='bbox 494 2843 691 2904; x_wconf 76' lang='lat' dir='ltr'>restitutionem</span> <span class='ocrx_word' id='word_1_202' title='bbox 705 2841 804 2896; x_wconf 83' lang='lat' dir='ltr'>darnui</span> <span class='ocrx_word' id='word_1_203' title='bbox 815 2839 962 2910; x_wconf 74' lang='lat' dir='ltr'>obligatur.</span> <span class='ocrx_word' id='word_1_204' title='bbox 975 2856 1003 2890; x_wconf 90' lang='grc' dir='ltr'>ιι.</span> <span class='ocrx_word' id='word_1_205' title='bbox 1018 2847 1043 2889; x_wconf 97' lang='grc'><strong>2.</strong></span> 
     </span>
     <span class='ocr_line' id='line_1_24' title="bbox 282 2927 745 2998; baseline -0.015 -14"><span class='ocrx_word' id='word_1_206' title='bbox 282 2931 345 2984; x_wconf 74' lang='lat' dir='ltr'>nni</span> <span class='ocrx_word' id='word_1_207' title='bbox 360 2930 396 2984; x_wconf 80' lang='lat' dir='ltr'>rit</span> <span class='ocrx_word' id='word_1_208' title='bbox 416 2927 490 2998; x_wconf 67' lang='lat' dir='ltr'>cufi</span> <span class='ocrx_word' id='word_1_209' title='bbox 505 2944 653 2998; x_wconf 79' lang='lat' dir='ltr'>possessor.</span> <span class='ocrx_word' id='word_1_210' title='bbox 673 2945 701 2978; x_wconf 91' lang='lat' dir='ltr'>n.</span> <span class='ocrx_word' id='word_1_211' title='bbox 720 2937 745 2978; x_wconf 89' lang='grc' dir='ltr'>ι.</span> 
     </span>
    </p>
   </div>
   <div class='ocr_carea' id='block_1_12' title="bbox 1089 2501 1855 2664">
    <p class='ocr_par' dir='ltr' id='par_1_15' title="bbox 1089 2501 1855 2664">
     <span class='ocr_line' id='line_1_25' title="bbox 1092 2501 1852 2582; baseline 0.009 -26"><span class='ocrx_word' id='word_1_212' title='bbox 1092 2513 1153 2556; x_wconf 81' lang='lat' dir='ltr'>test.</span> <span class='ocrx_word' id='word_1_213' title='bbox 1166 2505 1183 2555; x_wconf 87' lang='grc' dir='ltr'>ι.</span> <span class='ocrx_word' id='word_1_214' title='bbox 1203 2515 1241 2555; x_wconf 79' lang='lat' dir='ltr'>rs.</span> <span class='ocrx_word' id='word_1_215' title='bbox 1253 2501 1277 2575; x_wconf 70' lang='grc'><strong><em>5.</em></strong></span> <span class='ocrx_word' id='word_1_216' title='bbox 1298 2515 1322 2556; x_wconf 86' lang='grc' dir='ltr'>ι.</span> <span class='ocrx_word' id='word_1_217' title='bbox 1333 2503 1375 2573; x_wconf 78' lang='lat' dir='ltr'>ff.</span> <span class='ocrx_word' id='word_1_218' title='bbox 1393 2507 1475 2560; x_wconf 82' lang='lat' dir='ltr'>locor.</span> <span class='ocrx_word' id='word_1_219' title='bbox 1495 2511 1512 2562; x_wconf 90' lang='lat' dir='ltr'>t.</span> <span class='ocrx_word' id='word_1_220' title='bbox 1536 2510 1626 2582; x_wconf 68' lang='lat' dir='ltr'>roff.</span> <span class='ocrx_word' id='word_1_221' title='bbox 1644 2517 1779 2570; x_wconf 71' lang='lat' dir='ltr'>commod.</span> <span class='ocrx_word' id='word_1_222' title='bbox 1791 2519 1852 2570; x_wconf 63' lang='lat' dir='ltr'>sam</span> 
     </span>
     <span class='ocr_line' id='line_1_26' title="bbox 1089 2588 1855 2664; baseline 0.004 -22"><span class='ocrx_word' id='word_1_223' title='bbox 1089 2607 1151 2643; x_wconf 81' lang='lat' dir='ltr'>uero</span> <span class='ocrx_word' id='word_1_224' title='bbox 1164 2588 1322 2659; x_wconf 83' lang='lat' dir='ltr'>ubicumque</span> <span class='ocrx_word' id='word_1_225' title='bbox 1334 2607 1415 2661; x_wconf 77' lang='lat' dir='ltr'>poeno</span> <span class='ocrx_word' id='word_1_226' title='bbox 1428 2592 1569 2660; x_wconf 77' lang='lat' dir='ltr'>irroganda</span> <span class='ocrx_word' id='word_1_227' title='bbox 1583 2599 1678 2664; x_wconf 77' lang='lat' dir='ltr'>alicui,</span> <span class='ocrx_word' id='word_1_228' title='bbox 1693 2601 1793 2654; x_wconf 80' lang='lat' dir='ltr'>iactum</span> <span class='ocrx_word' id='word_1_229' title='bbox 1807 2602 1855 2653; x_wconf 84' lang='lat' dir='ltr'>ali.</span> 
     </span>
    </p>
   </div>
   <div class='ocr_carea' id='block_1_13' title="bbox 1090 2673 1859 3002">
    <p class='ocr_par' dir='ltr' id='par_1_16' title="bbox 1090 2673 1859 3002">
     <span class='ocr_line' id='line_1_27' title="bbox 1090 2673 1856 2751; baseline 0.017 -27"><span class='ocrx_word' id='word_1_230' title='bbox 1090 2673 1160 2743; x_wconf 83' lang='lat' dir='ltr'>quod</span> <span class='ocrx_word' id='word_1_231' title='bbox 1180 2673 1297 2726; x_wconf 85' lang='lat' dir='ltr'>hominis</span> <span class='ocrx_word' id='word_1_232' title='bbox 1310 2674 1440 2745; x_wconf 88' lang='lat' dir='ltr'>puniendi</span> <span class='ocrx_word' id='word_1_233' title='bbox 1453 2688 1592 2730; x_wconf 79' lang='lat' dir='ltr'>concurrat</span> <span class='ocrx_word' id='word_1_234' title='bbox 1605 2699 1740 2738; x_wconf 81' lang='lat' dir='ltr'>necessum</span> <span class='ocrx_word' id='word_1_235' title='bbox 1756 2695 1812 2751; x_wconf 85' lang='lat' dir='ltr'>est,</span> <span class='ocrx_word' id='word_1_236' title='bbox 1825 2694 1856 2738; x_wconf 90' lang='lat' dir='ltr'>ut</span> 
     </span>
     <span class='ocr_line' id='line_1_28' title="bbox 1091 2758 1856 2831; baseline 0.012 -19"><span class='ocrx_word' id='word_1_237' title='bbox 1091 2759 1194 2812; x_wconf 88' lang='lat' dir='ltr'>scilicet</span> <span class='ocrx_word' id='word_1_238' title='bbox 1211 2761 1256 2810; x_wconf 85' lang='lat' dir='ltr'>vei</span> <span class='ocrx_word' id='word_1_239' title='bbox 1274 2758 1333 2812; x_wconf 83' lang='lat' dir='ltr'>doto</span> <span class='ocrx_word' id='word_1_240' title='bbox 1345 2759 1410 2831; x_wconf 86' lang='lat' dir='ltr'>quid</span> <span class='ocrx_word' id='word_1_241' title='bbox 1425 2760 1592 2814; x_wconf 77' lang='lat' dir='ltr'>machinatus</span> <span class='ocrx_word' id='word_1_242' title='bbox 1607 2762 1703 2829; x_wconf 84' lang='lat' dir='ltr'>inerit,</span> <span class='ocrx_word' id='word_1_243' title='bbox 1717 2770 1758 2820; x_wconf 79' lang='lat' dir='ltr'>rel</span> <span class='ocrx_word' id='word_1_244' title='bbox 1775 2769 1856 2820; x_wconf 88' lang='lat' dir='ltr'>etiam</span> 
     </span>
     <span class='ocr_line' id='line_1_29' title="bbox 1092 2840 1858 2914; baseline 0.007 -19"><span class='ocrx_word' id='word_1_245' title='bbox 1092 2843 1196 2912; x_wconf 88' lang='lat' dir='ltr'>culpam</span> <span class='ocrx_word' id='word_1_246' title='bbox 1215 2840 1423 2906; x_wconf 84' lang='lat' dir='ltr'>committendo,</span> <span class='ocrx_word' id='word_1_247' title='bbox 1443 2853 1533 2896; x_wconf 80' lang='lat' dir='ltr'>contra</span> <span class='ocrx_word' id='word_1_248' title='bbox 1547 2845 1616 2914; x_wconf 82' lang='lat' dir='ltr'>leges</span> <span class='ocrx_word' id='word_1_249' title='bbox 1630 2846 1694 2899; x_wconf 88' lang='lat' dir='ltr'>boni</span> <span class='ocrx_word' id='word_1_250' title='bbox 1708 2848 1797 2912; x_wconf 79' lang='lat' dir='ltr'>Ciris,</span> <span class='ocrx_word' id='word_1_251' title='bbox 1809 2849 1858 2900; x_wconf 88' lang='lat' dir='ltr'>bo-</span> 
     </span>
     <span class='ocr_line' id='line_1_30' title="bbox 1092 2925 1859 3002; baseline 0.009 -23"><span class='ocrx_word' id='word_1_252' title='bbox 1092 2927 1174 2998; x_wconf 84' lang='lat' dir='ltr'>nique</span> <span class='ocrx_word' id='word_1_253' title='bbox 1193 2925 1399 2980; x_wconf 74' lang='lat' dir='ltr'>Patriciamiiiss</span> <span class='ocrx_word' id='word_1_254' title='bbox 1418 2931 1577 2998; x_wconf 58' lang='lat' dir='ltr'>peccaverim</span> <span class='ocrx_word' id='word_1_255' title='bbox 1595 2931 1665 3002; x_wconf 87' lang='lat' dir='ltr'>quod</span> <span class='ocrx_word' id='word_1_256' title='bbox 1685 2933 1714 2985; x_wconf 93' lang='lat' dir='ltr'>in</span> <span class='ocrx_word' id='word_1_257' title='bbox 1734 2934 1859 2986; x_wconf 85' lang='lat' dir='ltr'>incendio</span> 
     </span>
    </p>
   </div>
   <div class='ocr_carea' id='block_1_14' title="bbox 284 3001 1857 3090">
    <p class='ocr_par' dir='ltr' id='par_1_17' title="bbox 284 3001 1857 3090">
     <span class='ocr_line' id='line_1_31' title="bbox 284 3001 1857 3090; baseline -0.001 -15"><span class='ocrx_word' id='word_1_258' title='bbox 284 3014 338 3084; x_wconf 67' lang='lat' dir='ltr'>(itti</span> <span class='ocrx_word' id='word_1_259' title='bbox 354 3025 447 3068; x_wconf 66' lang='lat' dir='ltr'>‘mn</span> <span class='ocrx_word' id='word_1_260' title='bbox 466 3012 579 3086; x_wconf 48' lang='lat' dir='ltr'>reliqu&amp;</span> <span class='ocrx_word' id='word_1_261' title='bbox 594 3012 710 3075; x_wconf 58' lang='lat' dir='ltr'>viduit,</span> <span class='ocrx_word' id='word_1_262' title='bbox 730 3027 846 3082; x_wconf 70' lang='lat' dir='ltr'>wvfflm</span> <span class='ocrx_word' id='word_1_263' title='bbox 869 3009 949 3063; x_wconf 55' lang='lat'>⁰05²*</span> <span class='ocrx_word' id='word_1_264' title='bbox 963 3001 1046 3060; x_wconf 61' lang='lat' dir='ltr'>timui</span> <span class='ocrx_word' id='word_1_265' title='bbox 1090 3012 1189 3068; x_wconf 68' lang='lat' dir='ltr'>usuali</span> <span class='ocrx_word' id='word_1_266' title='bbox 1208 3013 1321 3066; x_wconf 85' lang='lat' dir='ltr'>minime</span> <span class='ocrx_word' id='word_1_267' title='bbox 1339 3014 1376 3066; x_wconf 86' lang='lat' dir='ltr'>ita</span> <span class='ocrx_word' id='word_1_268' title='bbox 1390 3025 1445 3078; x_wconf 87' lang='lat' dir='ltr'>est,</span> <span class='ocrx_word' id='word_1_269' title='bbox 1465 3016 1509 3068; x_wconf 87' lang='lat' dir='ltr'>uhi</span> <span class='ocrx_word' id='word_1_270' title='bbox 1524 3034 1572 3071; x_wconf 89' lang='lat' dir='ltr'>uec</span> <span class='ocrx_word' id='word_1_271' title='bbox 1583 3021 1748 3090; x_wconf 88' lang='lat' dir='ltr'>propositum</span> <span class='ocrx_word' id='word_1_272' title='bbox 1770 3021 1857 3074; x_wconf 83' lang='lat' dir='ltr'>delin-</span> 
     </span>
    </p>
   </div>
   <div class='ocr_carea' id='block_1_15' title="bbox 224 3094 1057 5109">
    <p class='ocr_par' dir='ltr' id='par_1_18' title="bbox 314 3094 1045 3238">
     <span class='ocr_line' id='line_1_32' title="bbox 314 3094 1045 3168; baseline -0.015 -14"><span class='ocrx_word' id='word_1_273' title='bbox 314 3099 441 3154; x_wconf 85' lang='lat' dir='ltr'>iuceudio</span> <span class='ocrx_word' id='word_1_274' title='bbox 464 3100 585 3168; x_wconf 72' lang='lat' dir='ltr'>periero,</span> <span class='ocrx_word' id='word_1_275' title='bbox 603 3099 643 3152; x_wconf 84' lang='lat' dir='ltr'>cd</span> <span class='ocrx_word' id='word_1_276' title='bbox 658 3097 754 3150; x_wconf 83' lang='lat' dir='ltr'>domni</span> <span class='ocrx_word' id='word_1_277' title='bbox 771 3094 969 3151; x_wconf 75' lang='lat' dir='ltr'>restitutionem</span> <span class='ocrx_word' id='word_1_278' title='bbox 987 3109 1045 3144; x_wconf 88' lang='lat' dir='ltr'>uon</span> 
     </span>
     <span class='ocr_line' id='line_1_33' title="bbox 317 3192 525 3238; baseline -0.01 -2"><span class='ocrx_word' id='word_1_279' title='bbox 317 3192 432 3238; x_wconf 83' lang='lat' dir='ltr'>tenetur·</span> <span class='ocrx_word' id='word_1_280' title='bbox 451 3202 480 3236; x_wconf 91' lang='grc' dir='ltr'>ιι.</span> <span class='ocrx_word' id='word_1_281' title='bbox 501 3194 525 3235; x_wconf 82' lang='lat' dir='ltr'>t.</span> 
     </span>
    </p>

    <p class='ocr_par' dir='ltr' id='par_1_19' title="bbox 282 3263 1044 3406">
     <span class='ocr_line' id='line_1_34' title="bbox 282 3263 1044 3340; baseline -0.01 -18"><span class='ocrx_word' id='word_1_282' title='bbox 282 3270 357 3322; x_wconf 71' lang='lat' dir='ltr'>Mem</span> <span class='ocrx_word' id='word_1_283' title='bbox 375 3267 517 3323; x_wconf 81' lang='lat' dir='ltr'>dicendum</span> <span class='ocrx_word' id='word_1_284' title='bbox 533 3269 569 3322; x_wconf 80' lang='lat' dir='ltr'>da</span> <span class='ocrx_word' id='word_1_285' title='bbox 585 3287 634 3335; x_wconf 87' lang='lat' dir='ltr'>eo,</span> <span class='ocrx_word' id='word_1_286' title='bbox 653 3269 702 3340; x_wconf 77' lang='lat' dir='ltr'>qui</span> <span class='ocrx_word' id='word_1_287' title='bbox 718 3267 796 3323; x_wconf 79' lang='lat' dir='ltr'>estin</span> <span class='ocrx_word' id='word_1_288' title='bbox 808 3281 888 3319; x_wconf 84' lang='lat' dir='ltr'>moro</span> <span class='ocrx_word' id='word_1_289' title='bbox 901 3263 1044 3318; x_wconf 78' lang='lat' dir='ltr'>mscituen·</span> 
     </span>
     <span class='ocr_line' id='line_1_35' title="bbox 320 3353 450 3406; baseline 0 -2"><span class='ocrx_word' id='word_1_290' title='bbox 320 3353 359 3404; x_wconf 75' lang='lat' dir='ltr'>dt.</span> <span class='ocrx_word' id='word_1_291' title='bbox 376 3373 405 3406; x_wconf 88' lang='grc' dir='ltr'>ιι.</span> <span class='ocrx_word' id='word_1_292' title='bbox 424 3365 450 3404; x_wconf 77' lang='grc' dir='ltr'>ι.</span> 
     </span>
    </p>

    <p class='ocr_par' dir='ltr' id='par_1_20' title="bbox 281 3433 1048 3666">
     <span class='ocr_line' id='line_1_36' title="bbox 281 3433 1048 3506; baseline -0.008 -15"><span class='ocrx_word' id='word_1_293' title='bbox 281 3439 383 3491; x_wconf 80' lang='lat' dir='ltr'>Poeno</span> <span class='ocrx_word' id='word_1_294' title='bbox 399 3435 523 3490; x_wconf 82' lang='lat' dir='ltr'>incendii</span> <span class='ocrx_word' id='word_1_295' title='bbox 539 3435 672 3500; x_wconf 75' lang='lat' dir='ltr'>coeuntia,</span> <span class='ocrx_word' id='word_1_296' title='bbox 691 3433 736 3487; x_wconf 89' lang='lat' dir='ltr'>cni</span> <span class='ocrx_word' id='word_1_297' title='bbox 751 3435 819 3506; x_wconf 75' lang='lat' dir='ltr'>quid</span> <span class='ocrx_word' id='word_1_298' title='bbox 833 3435 932 3505; x_wconf 81' lang='lat' dir='ltr'>cuipoc</span> <span class='ocrx_word' id='word_1_299' title='bbox 959 3433 1048 3488; x_wconf 80' lang='lat' dir='ltr'>orimi-</span> 
     </span>
     <span class='ocr_line' id='line_1_37' title="bbox 321 3519 1046 3591; baseline -0.01 -17"><span class='ocrx_word' id='word_1_300' title='bbox 321 3533 413 3585; x_wconf 71' lang='lat' dir='ltr'>utum,</span> <span class='ocrx_word' id='word_1_301' title='bbox 432 3521 527 3576; x_wconf 80' lang='lat' dir='ltr'>coriot</span> <span class='ocrx_word' id='word_1_302' title='bbox 537 3537 587 3591; x_wconf 82' lang='lat' dir='ltr'>pro</span> <span class='ocrx_word' id='word_1_303' title='bbox 599 3519 755 3574; x_wconf 78' lang='lat' dir='ltr'>diuersitate</span> <span class='ocrx_word' id='word_1_304' title='bbox 765 3519 850 3589; x_wconf 83' lang='lat' dir='ltr'>ipsius</span> <span class='ocrx_word' id='word_1_305' title='bbox 862 3519 964 3588; x_wconf 74' lang='lat' dir='ltr'>cuipas.</span> <span class='ocrx_word' id='word_1_306' title='bbox 978 3537 1006 3570; x_wconf 91' lang='grc' dir='ltr'>ιι.</span> <span class='ocrx_word' id='word_1_307' title='bbox 1023 3530 1046 3573; x_wconf 80' lang='grc' dir='ltr'>ι.</span> 
     </span>
     <span class='ocr_line' id='line_1_38' title="bbox 320 3623 391 3666; baseline -0.056 0"><span class='ocrx_word' id='word_1_308' title='bbox 320 3625 347 3666; x_wconf 62' lang='lat' dir='ltr'>el</span> <span class='ocrx_word' id='word_1_309' title='bbox 367 3623 391 3663; x_wconf 77' lang='grc'><strong>7.</strong></span> 
     </span>
    </p>

    <p class='ocr_par' dir='ltr' id='par_1_21' title="bbox 283 3688 1048 3832">
     <span class='ocr_line' id='line_1_39' title="bbox 283 3688 1048 3761; baseline -0.01 -12"><span class='ocrx_word' id='word_1_310' title='bbox 283 3698 328 3750; x_wconf 86' lang='lat' dir='ltr'>De</span> <span class='ocrx_word' id='word_1_311' title='bbox 339 3694 509 3748; x_wconf 75' lang='grc' dir='ltr'><strong><em>ιιιιίιιιιίοιιε</em></strong></span> <span class='ocrx_word' id='word_1_312' title='bbox 523 3692 620 3747; x_wconf 75' lang='lat' dir='ltr'>dorum</span> <span class='ocrx_word' id='word_1_313' title='bbox 629 3708 681 3761; x_wconf 86' lang='lat' dir='ltr'>per</span> <span class='ocrx_word' id='word_1_314' title='bbox 689 3688 843 3745; x_wconf 86' lang='lat' dir='ltr'>incendium</span> <span class='ocrx_word' id='word_1_315' title='bbox 858 3688 993 3760; x_wconf 80' lang='lat' dir='ltr'>ejusmodi</span> <span class='ocrx_word' id='word_1_316' title='bbox 1003 3705 1048 3742; x_wconf 84' lang='lat' dir='ltr'>co·</span> 
     </span>
     <span class='ocr_line' id='line_1_40' title="bbox 319 3778 708 3832; baseline -0.013 0"><span class='ocrx_word' id='word_1_317' title='bbox 319 3781 397 3832; x_wconf 79' lang='lat' dir='ltr'>cuoie</span> <span class='ocrx_word' id='word_1_318' title='bbox 416 3780 532 3832; x_wconf 68' lang='lat' dir='ltr'>mixtum</span> <span class='ocrx_word' id='word_1_319' title='bbox 550 3778 616 3831; x_wconf 83' lang='lat' dir='ltr'>doti·</span> <span class='ocrx_word' id='word_1_320' title='bbox 635 3795 664 3830; x_wconf 88' lang='grc' dir='ltr'>ιι.</span> <span class='ocrx_word' id='word_1_321' title='bbox 684 3787 708 3827; x_wconf 77' lang='grc' dir='ltr'>ι.</span> 
     </span>
    </p>

    <p class='ocr_par' dir='ltr' id='par_1_22' title="bbox 288 3859 1050 3933">
     <span class='ocr_line' id='line_1_41' title="bbox 288 3859 1050 3933; baseline -0.014 -17"><span class='ocrx_word' id='word_1_322' title='bbox 288 3870 419 3933; x_wconf 80' lang='lat' dir='ltr'>Quonam</span> <span class='ocrx_word' id='word_1_323' title='bbox 437 3862 549 3916; x_wconf 76' lang='lat' dir='ltr'>actione</span> <span class='ocrx_word' id='word_1_324' title='bbox 564 3863 699 3916; x_wconf 82' lang='lat' dir='ltr'>damnum</span> <span class='ocrx_word' id='word_1_325' title='bbox 718 3859 825 3912; x_wconf 83' lang='lat' dir='ltr'>iliotum</span> <span class='ocrx_word' id='word_1_326' title='bbox 842 3865 959 3928; x_wconf 78' lang='lat' dir='ltr'>petatur.</span> <span class='ocrx_word' id='word_1_327' title='bbox 978 3874 1008 3908; x_wconf 88' lang='grc' dir='ltr'>ιι.</span> <span class='ocrx_word' id='word_1_328' title='bbox 1026 3866 1050 3906; x_wconf 79' lang='grc' dir='ltr'>ι.</span> 
     </span>
    </p>

    <p class='ocr_par' dir='ltr' id='par_1_23' title="bbox 287 3940 1050 4168">
     <span class='ocr_line' id='line_1_42' title="bbox 287 3940 1050 4016; baseline -0.016 -16"><span class='ocrx_word' id='word_1_329' title='bbox 287 3948 435 4000; x_wconf 79' lang='lat' dir='ltr'>Actionem</span> <span class='ocrx_word' id='word_1_330' title='bbox 459 3949 492 4001; x_wconf 64' lang='lat'>1„</span> <span class='ocrx_word' id='word_1_331' title='bbox 512 3946 644 4016; x_wconf 76' lang='lat' dir='ltr'>Aquiliae</span> <span class='ocrx_word' id='word_1_332' title='bbox 669 3954 833 4013; x_wconf 76' lang='lat' dir='ltr'>competere,</span> <span class='ocrx_word' id='word_1_333' title='bbox 861 3952 959 3995; x_wconf 85' lang='lat' dir='ltr'>contro</span> <span class='ocrx_word' id='word_1_334' title='bbox 983 3940 1050 3992; x_wconf 84' lang='lat' dir='ltr'>Jon.</span> 
     </span>
     <span class='ocr_line' id='line_1_43' title="bbox 323 4029 1049 4093; baseline -0.012 -9"><span class='ocrx_word' id='word_1_335' title='bbox 323 4033 431 4085; x_wconf 76' lang='lat' dir='ltr'>Lubter.</span> <span class='ocrx_word' id='word_1_336' title='bbox 453 4032 545 4084; x_wconf 75' lang='lat' dir='ltr'>Comi·</span> <span class='ocrx_word' id='word_1_337' title='bbox 565 4030 750 4093; x_wconf 72' lang='lat' dir='ltr'>Hotiuoeum,</span> <span class='ocrx_word' id='word_1_338' title='bbox 770 4039 797 4080; x_wconf 85' lang='lat' dir='ltr'>et</span> <span class='ocrx_word' id='word_1_339' title='bbox 815 4029 873 4080; x_wconf 89' lang='lat' dir='ltr'>Du.</span> <span class='ocrx_word' id='word_1_340' title='bbox 894 4030 983 4080; x_wconf 73' lang='lat' dir='ltr'>struo.</span> <span class='ocrx_word' id='word_1_341' title='bbox 1004 4039 1049 4076; x_wconf 87' lang='lat' dir='ltr'>os-</span> 
     </span>
     <span class='ocr_line' id='line_1_44' title="bbox 329 4114 546 4168; baseline 0 -2"><span class='ocrx_word' id='word_1_342' title='bbox 329 4114 437 4168; x_wconf 75' lang='lat' dir='ltr'>ser-itur.</span> <span class='ocrx_word' id='word_1_343' title='bbox 455 4131 484 4166; x_wconf 89' lang='grc' dir='ltr'>ιι.</span> <span class='ocrx_word' id='word_1_344' title='bbox 505 4123 546 4167; x_wconf 86' lang='lat' dir='ltr'>tu.</span> 
     </span>
    </p>

    <p class='ocr_par' dir='ltr' id='par_1_24' title="bbox 291 4191 1052 4355">
     <span class='ocr_line' id='line_1_45' title="bbox 291 4191 1052 4269; baseline -0.016 -15"><span class='ocrx_word' id='word_1_345' title='bbox 291 4202 367 4254; x_wconf 80' lang='lat' dir='ltr'>Idem</span> <span class='ocrx_word' id='word_1_346' title='bbox 380 4193 475 4269; x_wconf 69' lang='lat' dir='ltr'>pucati</span> <span class='ocrx_word' id='word_1_347' title='bbox 491 4198 622 4252; x_wconf 72' lang='grc' dir='ltr'><strong><em>ἀαιιιιιιιιιι</em></strong></span> <span class='ocrx_word' id='word_1_348' title='bbox 640 4195 743 4250; x_wconf 80' lang='lat' dir='ltr'>uicinis</span> <span class='ocrx_word' id='word_1_349' title='bbox 761 4213 798 4250; x_wconf 79' lang='lat' dir='ltr'>ese</span> <span class='ocrx_word' id='word_1_350' title='bbox 810 4194 952 4260; x_wconf 79' lang='lat' dir='ltr'>incendio,</span> <span class='ocrx_word' id='word_1_351' title='bbox 966 4191 994 4245; x_wconf 87' lang='lat' dir='ltr'>iu</span> <span class='ocrx_word' id='word_1_352' title='bbox 1010 4191 1052 4246; x_wconf 82' lang='lat' dir='ltr'>oi-</span> 
     </span>
     <span class='ocr_line' id='line_1_46' title="bbox 328 4277 1051 4355; baseline -0.017 -19"><span class='ocrx_word' id='word_1_353' title='bbox 328 4284 462 4355; x_wconf 78' lang='lat' dir='ltr'>ceriusque</span> <span class='ocrx_word' id='word_1_354' title='bbox 480 4282 594 4338; x_wconf 82' lang='lat' dir='ltr'>cedibus</span> <span class='ocrx_word' id='word_1_355' title='bbox 611 4293 690 4348; x_wconf 79' lang='lat' dir='ltr'>orto,</span> <span class='ocrx_word' id='word_1_356' title='bbox 708 4282 803 4336; x_wconf 82' lang='lat' dir='ltr'>dotum</span> <span class='ocrx_word' id='word_1_357' title='bbox 814 4277 953 4333; x_wconf 81' lang='lat' dir='ltr'>statuitur.</span> <span class='ocrx_word' id='word_1_358' title='bbox 966 4296 994 4331; x_wconf 88' lang='grc' dir='ltr'>ιι.</span> <span class='ocrx_word' id='word_1_359' title='bbox 1013 4288 1051 4331; x_wconf 90' lang='grc' dir='ltr'>ιι.</span> 
     </span>
    </p>

    <p class='ocr_par' dir='ltr' id='par_1_25' title="bbox 289 4363 1053 4526">
     <span class='ocr_line' id='line_1_47' title="bbox 289 4363 1053 4436; baseline -0.016 -9"><span class='ocrx_word' id='word_1_360' title='bbox 289 4374 432 4427; x_wconf 83' lang='lat' dir='ltr'>Damnum</span> <span class='ocrx_word' id='word_1_361' title='bbox 450 4367 653 4424; x_wconf 73' lang='lat' dir='ltr'>resmciendum</span> <span class='ocrx_word' id='word_1_362' title='bbox 671 4369 701 4422; x_wconf 83' lang='lat' dir='ltr'>iu</span> <span class='ocrx_word' id='word_1_363' title='bbox 719 4377 841 4432; x_wconf 81' lang='lat' dir='ltr'>tautum,</span> <span class='ocrx_word' id='word_1_364' title='bbox 868 4363 897 4419; x_wconf 86' lang='lat' dir='ltr'>in</span> <span class='ocrx_word' id='word_1_365' title='bbox 919 4373 1053 4436; x_wconf 80' lang='lat' dir='ltr'>quantum</span> 
     </span>
     <span class='ocr_line' id='line_1_48' title="bbox 322 4453 569 4526; baseline 0 -18"><span class='ocrx_word' id='word_1_366' title='bbox 322 4453 459 4526; x_wconf 76' lang='lat' dir='ltr'>possibile.</span> <span class='ocrx_word' id='word_1_367' title='bbox 479 4471 508 4506; x_wconf 90' lang='grc' dir='ltr'>ιι.</span> <span class='ocrx_word' id='word_1_368' title='bbox 528 4463 569 4508; x_wconf 86' lang='grc' dir='ltr'>ιι.</span> 
     </span>
    </p>

    <p class='ocr_par' dir='ltr' id='par_1_26' title="bbox 289 4533 1054 4756">
     <span class='ocr_line' id='line_1_49' title="bbox 289 4533 1054 4602; baseline -0.003 -12"><span class='ocrx_word' id='word_1_369' title='bbox 289 4540 353 4590; x_wconf 84' lang='grc' dir='ltr'><strong><em>Νοιι</em></strong></span> <span class='ocrx_word' id='word_1_370' title='bbox 374 4537 569 4591; x_wconf 80' lang='lat' dir='ltr'>attendendum</span> <span class='ocrx_word' id='word_1_371' title='bbox 586 4535 727 4602; x_wconf 79' lang='lat' dir='ltr'>statuitur,</span> <span class='ocrx_word' id='word_1_372' title='bbox 746 4555 783 4590; x_wconf 84' lang='lat' dir='ltr'>on</span> <span class='ocrx_word' id='word_1_373' title='bbox 797 4533 953 4589; x_wconf 83' lang='lat' dir='ltr'>incendium</span> <span class='ocrx_word' id='word_1_374' title='bbox 965 4533 993 4586; x_wconf 90' lang='lat' dir='ltr'>iu</span> <span class='ocrx_word' id='word_1_375' title='bbox 1008 4551 1054 4588; x_wconf 86' lang='lat' dir='ltr'>oe·</span> 
     </span>
     <span class='ocr_line' id='line_1_50' title="bbox 324 4617 1054 4692; baseline -0.005 -18"><span class='ocrx_word' id='word_1_376' title='bbox 324 4620 404 4674; x_wconf 77' lang='lat' dir='ltr'>dibus</span> <span class='ocrx_word' id='word_1_377' title='bbox 421 4619 538 4690; x_wconf 72' lang='lat' dir='ltr'>clicerius</span> <span class='ocrx_word' id='word_1_378' title='bbox 547 4619 680 4692; x_wconf 82' lang='lat' dir='ltr'>propriis,</span> <span class='ocrx_word' id='word_1_379' title='bbox 694 4640 732 4674; x_wconf 88' lang='lat' dir='ltr'>on</span> <span class='ocrx_word' id='word_1_380' title='bbox 749 4617 944 4689; x_wconf 78' lang='lat' dir='ltr'>utienirsucrit</span> <span class='ocrx_word' id='word_1_381' title='bbox 954 4629 1054 4673; x_wconf 82' lang='lat' dir='ltr'>ortum.</span> 
     </span>
     <span class='ocr_line' id='line_1_51' title="bbox 328 4717 419 4756; baseline -0.011 -1"><span class='ocrx_word' id='word_1_382' title='bbox 328 4723 355 4755; x_wconf 91' lang='grc' dir='ltr'>ιι.</span> <span class='ocrx_word' id='word_1_383' title='bbox 377 4717 419 4756; x_wconf 80' lang='grc' dir='ltr'>ιι.</span> 
     </span>
    </p>

    <p class='ocr_par' dir='ltr' id='par_1_27' title="bbox 292 4787 1055 4946">
     <span class='ocr_line' id='line_1_52' title="bbox 292 4787 1055 4859; baseline 0.001 -20"><span class='ocrx_word' id='word_1_384' title='bbox 292 4791 339 4839; x_wconf 85' lang='lat' dir='ltr'>An</span> <span class='ocrx_word' id='word_1_385' title='bbox 353 4789 379 4840; x_wconf 82' lang='lat' dir='ltr'>si</span> <span class='ocrx_word' id='word_1_386' title='bbox 387 4788 471 4856; x_wconf 22' lang='lat' dir='ltr'>*cuipo</span> <span class='ocrx_word' id='word_1_387' title='bbox 483 4787 579 4859; x_wconf 83' lang='lat' dir='ltr'>atiquo</span> <span class='ocrx_word' id='word_1_388' title='bbox 596 4805 690 4844; x_wconf 80' lang='lat' dir='ltr'>cocum</span> <span class='ocrx_word' id='word_1_389' title='bbox 703 4790 880 4858; x_wconf 74' lang='lat' dir='ltr'>praecesserit</span> <span class='ocrx_word' id='word_1_390' title='bbox 891 4790 1000 4844; x_wconf 83' lang='lat' dir='ltr'>ratione</span> <span class='ocrx_word' id='word_1_391' title='bbox 1011 4788 1055 4842; x_wconf 90' lang='lat' dir='ltr'>iu-</span> 
     </span>
     <span class='ocr_line' id='line_1_53' title="bbox 325 4872 1055 4946; baseline 0.005 -22"><span class='ocrx_word' id='word_1_392' title='bbox 325 4872 493 4936; x_wconf 77' lang='lat' dir='ltr'>liobitontic,</span> <span class='ocrx_word' id='word_1_393' title='bbox 511 4874 557 4927; x_wconf 82' lang='lat' dir='ltr'>hic</span> <span class='ocrx_word' id='word_1_394' title='bbox 569 4877 606 4928; x_wconf 82' lang='lat' dir='ltr'>od</span> <span class='ocrx_word' id='word_1_395' title='bbox 618 4886 760 4945; x_wconf 81' lang='lat' dir='ltr'>utrumque</span> <span class='ocrx_word' id='word_1_396' title='bbox 768 4877 854 4946; x_wconf 74' lang='lat' dir='ltr'>possit</span> <span class='ocrx_word' id='word_1_397' title='bbox 865 4874 1055 4936; x_wconf 82' lang='lat' dir='ltr'>condemnari.</span> 
     </span>
    </p>

    <p class='ocr_par' dir='ltr' id='par_1_28' title="bbox 224 4958 1057 5031">
     <span class='ocr_line' id='line_1_54' title="bbox 224 4958 1057 5031; baseline 0 -19"><span class='ocrx_word' id='word_1_398' title='bbox 224 4983 227 4990; x_wconf 94' lang='lat'>·</span> <span class='ocrx_word' id='word_1_399' title='bbox 327 4961 385 5012; x_wconf 81' lang='lat' dir='ltr'>scil.</span> <span class='ocrx_word' id='word_1_400' title='bbox 403 4962 440 5014; x_wconf 84' lang='lat' dir='ltr'>ad</span> <span class='ocrx_word' id='word_1_401' title='bbox 456 4961 574 5026; x_wconf 81' lang='lat' dir='ltr'>poenam</span> <span class='ocrx_word' id='word_1_402' title='bbox 593 4979 611 5012; x_wconf 86' lang='lat' dir='ltr'>o</span> <span class='ocrx_word' id='word_1_403' title='bbox 625 4958 718 5029; x_wconf 75' lang='lat' dir='ltr'>judice</span> <span class='ocrx_word' id='word_1_404' title='bbox 730 4977 781 5029; x_wconf 86' lang='lat' dir='ltr'>pro</span> <span class='ocrx_word' id='word_1_405' title='bbox 796 4960 909 5014; x_wconf 77' lang='lat' dir='ltr'>arbitrio</span> <span class='ocrx_word' id='word_1_406' title='bbox 928 4959 1057 5031; x_wconf 74' lang='lat' dir='ltr'>infligen-</span> 
     </span>
    </p>

    <p class='ocr_par' dir='ltr' id='par_1_29' title="bbox 328 5042 1045 5109">
     <span class='ocr_line' id='line_1_55' title="bbox 328 5042 1045 5109; baseline -0.001 -13"><span class='ocrx_word' id='word_1_407' title='bbox 328 5045 407 5109; x_wconf 82' lang='lat' dir='ltr'>dum,</span> <span class='ocrx_word' id='word_1_408' title='bbox 427 5053 454 5095; x_wconf 84' lang='lat' dir='ltr'>et</span> <span class='ocrx_word' id='word_1_409' title='bbox 471 5045 509 5097; x_wconf 83' lang='lat' dir='ltr'>od</span> <span class='ocrx_word' id='word_1_410' title='bbox 525 5042 624 5099; x_wconf 80' lang='lat' dir='ltr'>domni</span> <span class='ocrx_word' id='word_1_411' title='bbox 640 5042 702 5099; x_wconf 83' lang='lat' dir='ltr'>doti</span> <span class='ocrx_word' id='word_1_412' title='bbox 717 5043 936 5099; x_wconf 80' lang='lat' dir='ltr'>restitutionem?</span> <span class='ocrx_word' id='word_1_413' title='bbox 953 5064 981 5098; x_wconf 90' lang='lat' dir='ltr'>n.</span> <span class='ocrx_word' id='word_1_414' title='bbox 1004 5054 1045 5096; x_wconf 84' lang='lat' dir='ltr'>tt.</span> 
     </span>
    </p>
   </div>
   <div class='ocr_carea' id='block_1_16' title="bbox 290 5155 1058 5537">
    <p class='ocr_par' dir='ltr' id='par_1_30' title="bbox 290 5155 1058 5537">
     <span class='ocr_line' id='line_1_56' title="bbox 295 5155 1058 5281; baseline 0 -19"><span class='ocrx_word' id='word_1_415' title='bbox 295 5155 395 5262; x_wconf 74' lang='lat' dir='ltr'>Rasin</span> <span class='ocrx_word' id='word_1_416' title='bbox 412 5210 512 5281; x_wconf 88' lang='lat' dir='ltr'>prioris</span> <span class='ocrx_word' id='word_1_417' title='bbox 523 5209 603 5276; x_wconf 74' lang='lat' dir='ltr'>husius</span> <span class='ocrx_word' id='word_1_418' title='bbox 620 5209 768 5264; x_wconf 85' lang='lat' dir='ltr'>Positionis</span> <span class='ocrx_word' id='word_1_419' title='bbox 781 5209 895 5264; x_wconf 83' lang='lat' dir='ltr'>membri</span> <span class='ocrx_word' id='word_1_420' title='bbox 914 5227 946 5265; x_wconf 84' lang='lat' dir='ltr'>ox</span> <span class='ocrx_word' id='word_1_421' title='bbox 964 5219 1058 5263; x_wconf 86' lang='lat' dir='ltr'>natura</span> 
     </span>
     <span class='ocr_line' id='line_1_57' title="bbox 292 5283 1058 5360; baseline -0.004 -12"><span class='ocrx_word' id='word_1_422' title='bbox 292 5311 398 5348; x_wconf 84' lang='lat' dir='ltr'>casuum</span> <span class='ocrx_word' id='word_1_423' title='bbox 411 5283 590 5349; x_wconf 50' lang='lat' dir='ltr'>&#39;fortuitorum</span> <span class='ocrx_word' id='word_1_424' title='bbox 610 5295 718 5348; x_wconf 77' lang='lat' dir='ltr'>evidens</span> <span class='ocrx_word' id='word_1_425' title='bbox 732 5305 787 5358; x_wconf 85' lang='lat' dir='ltr'>est,</span> <span class='ocrx_word' id='word_1_426' title='bbox 800 5313 830 5349; x_wconf 84' lang='lat' dir='ltr'>ac</span> <span class='ocrx_word' id='word_1_427' title='bbox 843 5296 999 5360; x_wconf 65' lang='lat' dir='ltr'>manifestm</span> <span class='ocrx_word' id='word_1_428' title='bbox 1013 5294 1058 5346; x_wconf 87' lang='lat' dir='ltr'>ini</span> 
     </span>
     <span class='ocr_line' id='line_1_58' title="bbox 290 5379 1057 5451; baseline 0 -21"><span class='ocrx_word' id='word_1_429' title='bbox 290 5380 365 5430; x_wconf 88' lang='lat' dir='ltr'>euim</span> <span class='ocrx_word' id='word_1_430' title='bbox 386 5379 533 5450; x_wconf 80' lang='lat' dir='ltr'>prneridrri</span> <span class='ocrx_word' id='word_1_431' title='bbox 553 5395 606 5432; x_wconf 87' lang='lat' dir='ltr'>uon</span> <span class='ocrx_word' id='word_1_432' title='bbox 624 5389 743 5450; x_wconf 78' lang='lat' dir='ltr'>possum.</span> <span class='ocrx_word' id='word_1_433' title='bbox 757 5381 775 5432; x_wconf 91' lang='lat'>1.</span> <span class='ocrx_word' id='word_1_434' title='bbox 791 5393 815 5433; x_wconf 78' lang='lat' dir='ltr'>c.</span> <span class='ocrx_word' id='word_1_435' title='bbox 832 5382 862 5432; x_wconf 83' lang='lat' dir='ltr'>C.</span> <span class='ocrx_word' id='word_1_436' title='bbox 878 5379 910 5434; x_wconf 84' lang='lat' dir='ltr'>de</span> <span class='ocrx_word' id='word_1_437' title='bbox 920 5381 1057 5451; x_wconf 76' lang='lat' dir='ltr'>pignoret.</span> 
     </span>
     <span class='ocr_line' id='line_1_59' title="bbox 293 5463 1058 5537; baseline -0.008 -17"><span class='ocrx_word' id='word_1_438' title='bbox 293 5473 346 5520; x_wconf 74' lang='lat' dir='ltr'>act.</span> <span class='ocrx_word' id='word_1_439' title='bbox 361 5465 431 5518; x_wconf 77' lang='lat' dir='ltr'>sicin</span> <span class='ocrx_word' id='word_1_440' title='bbox 445 5481 493 5518; x_wconf 84' lang='lat' dir='ltr'>nec</span> <span class='ocrx_word' id='word_1_441' title='bbox 511 5465 628 5516; x_wconf 70' lang='lat' dir='ltr'>humano</span> <span class='ocrx_word' id='word_1_442' title='bbox 650 5465 762 5518; x_wconf 88' lang='lat' dir='ltr'>oonsilio</span> <span class='ocrx_word' id='word_1_443' title='bbox 781 5463 879 5518; x_wconf 87' lang='lat' dir='ltr'>iisdem</span> <span class='ocrx_word' id='word_1_444' title='bbox 902 5465 991 5518; x_wconf 87' lang='lat' dir='ltr'>resisti</span> <span class='ocrx_word' id='word_1_445' title='bbox 1011 5483 1058 5537; x_wconf 87' lang='lat' dir='ltr'>po-</span> 
     </span>
    </p>
   </div>
   <div class='ocr_carea' id='block_1_17' title="bbox 1092 3093 1925 5535">
    <p class='ocr_par' dir='ltr' id='par_1_31' title="bbox 1092 3093 1867 3680">
     <span class='ocr_line' id='line_1_60' title="bbox 1092 3093 1860 3166; baseline 0.01 -18"><span class='ocrx_word' id='word_1_446' title='bbox 1092 3093 1208 3166; x_wconf 65' lang='lat' dir='ltr'>mendi,</span> <span class='ocrx_word' id='word_1_447' title='bbox 1229 3111 1277 3148; x_wconf 92' lang='lat' dir='ltr'>nec</span> <span class='ocrx_word' id='word_1_448' title='bbox 1295 3095 1394 3150; x_wconf 86' lang='lat' dir='ltr'>sactum</span> <span class='ocrx_word' id='word_1_449' title='bbox 1412 3097 1520 3166; x_wconf 75' lang='lat' dir='ltr'>aliquod</span> <span class='ocrx_word' id='word_1_450' title='bbox 1537 3099 1569 3153; x_wconf 85' lang='lat' dir='ltr'>nd</span> <span class='ocrx_word' id='word_1_451' title='bbox 1595 3101 1724 3155; x_wconf 86' lang='lat' dir='ltr'>delictum</span> <span class='ocrx_word' id='word_1_452' title='bbox 1749 3119 1860 3156; x_wconf 82' lang='lat' dir='ltr'>concur-</span> 
     </span>
     <span class='ocr_line' id='line_1_61' title="bbox 1094 3180 1863 3242; baseline 0.01 -8"><span class='ocrx_word' id='word_1_453' title='bbox 1094 3199 1166 3234; x_wconf 82' lang='lat' dir='ltr'>rens·</span> <span class='ocrx_word' id='word_1_454' title='bbox 1184 3181 1257 3234; x_wconf 80' lang='lat' dir='ltr'>Hinc</span> <span class='ocrx_word' id='word_1_455' title='bbox 1276 3180 1434 3235; x_wconf 88' lang='lat' dir='ltr'>incendium</span> <span class='ocrx_word' id='word_1_456' title='bbox 1453 3181 1565 3237; x_wconf 78' lang='lat' dir='ltr'>fortuito</span> <span class='ocrx_word' id='word_1_457' title='bbox 1584 3183 1682 3239; x_wconf 81' lang='lat' dir='ltr'>iactum</span> <span class='ocrx_word' id='word_1_458' title='bbox 1702 3189 1777 3242; x_wconf 80' lang='lat' dir='ltr'>senia</span> <span class='ocrx_word' id='word_1_459' title='bbox 1792 3190 1863 3242; x_wconf 90' lang='lat' dir='ltr'>indi-</span> 
     </span>
     <span class='ocr_line' id='line_1_62' title="bbox 1094 3267 1862 3344; baseline 0.016 -25"><span class='ocrx_word' id='word_1_460' title='bbox 1094 3285 1155 3336; x_wconf 67' lang='lat' dir='ltr'>gcrc</span> <span class='ocrx_word' id='word_1_461' title='bbox 1173 3267 1312 3338; x_wconf 86' lang='lat' dir='ltr'>respondit</span> <span class='ocrx_word' id='word_1_462' title='bbox 1329 3268 1483 3322; x_wconf 76' lang='lat' dir='ltr'>Marcianus</span> <span class='ocrx_word' id='word_1_463' title='bbox 1504 3270 1596 3326; x_wconf 74' lang='lat' dir='ltr'>Jcnu</span> <span class='ocrx_word' id='word_1_464' title='bbox 1615 3273 1633 3324; x_wconf 91' lang='lat'>1.</span> <span class='ocrx_word' id='word_1_465' title='bbox 1662 3283 1703 3326; x_wconf 84' lang='lat' dir='ltr'>tt.</span> <span class='ocrx_word' id='word_1_466' title='bbox 1711 3273 1752 3344; x_wconf 80' lang='lat' dir='ltr'>ff.</span> <span class='ocrx_word' id='word_1_467' title='bbox 1770 3277 1803 3329; x_wconf 82' lang='lat' dir='ltr'>de</span> <span class='ocrx_word' id='word_1_468' title='bbox 1819 3277 1862 3331; x_wconf 88' lang='lat' dir='ltr'>in·</span> 
     </span>
     <span class='ocr_line' id='line_1_63' title="bbox 1096 3351 1862 3426; baseline 0.01 -20"><span class='ocrx_word' id='word_1_469' title='bbox 1096 3355 1173 3408; x_wconf 87' lang='lat' dir='ltr'>cend.</span> <span class='ocrx_word' id='word_1_470' title='bbox 1191 3353 1264 3406; x_wconf 85' lang='lat' dir='ltr'>ruin·</span> <span class='ocrx_word' id='word_1_471' title='bbox 1283 3351 1419 3426; x_wconf 64' lang='lat' dir='ltr'>nurffccg.</span> <span class='ocrx_word' id='word_1_472' title='bbox 1437 3353 1543 3407; x_wconf 80' lang='lat' dir='ltr'>Lubler·</span> <span class='ocrx_word' id='word_1_473' title='bbox 1563 3355 1597 3409; x_wconf 81' lang='lat' dir='ltr'>dc</span> <span class='ocrx_word' id='word_1_474' title='bbox 1616 3357 1723 3414; x_wconf 85' lang='lat' dir='ltr'>incend.</span> <span class='ocrx_word' id='word_1_475' title='bbox 1746 3380 1768 3414; x_wconf 90' lang='lat' dir='ltr'>c.</span> <span class='ocrx_word' id='word_1_476' title='bbox 1790 3373 1814 3413; x_wconf 87' lang='grc'><strong>2.</strong></span> <span class='ocrx_word' id='word_1_477' title='bbox 1834 3383 1862 3416; x_wconf 90' lang='grc' dir='ltr'>ιι.</span> 
     </span>
     <span class='ocr_line' id='line_1_64' title="bbox 1099 3437 1867 3509; baseline 0.016 -20"><span class='ocrx_word' id='word_1_478' title='bbox 1099 3449 1157 3490; x_wconf 80' lang='grc' dir='ltr'><strong><em>ιιι.</em></strong></span> <span class='ocrx_word' id='word_1_479' title='bbox 1177 3437 1247 3508; x_wconf 89' lang='lat' dir='ltr'>quod</span> <span class='ocrx_word' id='word_1_480' title='bbox 1266 3437 1347 3491; x_wconf 83' lang='lat' dir='ltr'>etiam</span> <span class='ocrx_word' id='word_1_481' title='bbox 1366 3437 1398 3491; x_wconf 87' lang='lat' dir='ltr'>ad</span> <span class='ocrx_word' id='word_1_482' title='bbox 1419 3455 1529 3509; x_wconf 88' lang='lat' dir='ltr'>poenam</span> <span class='ocrx_word' id='word_1_483' title='bbox 1550 3441 1655 3495; x_wconf 82' lang='lat' dir='ltr'>statuto</span> <span class='ocrx_word' id='word_1_484' title='bbox 1671 3444 1798 3500; x_wconf 82' lang='lat' dir='ltr'>dictatam</span> <span class='ocrx_word' id='word_1_485' title='bbox 1820 3465 1867 3501; x_wconf 83' lang='lat' dir='ltr'>ex-</span> 
     </span>
     <span class='ocr_line' id='line_1_65' title="bbox 1096 3519 1866 3596; baseline 0.013 -23"><span class='ocrx_word' id='word_1_486' title='bbox 1096 3520 1199 3582; x_wconf 83' lang='lat' dir='ltr'>tendit,</span> <span class='ocrx_word' id='word_1_487' title='bbox 1219 3529 1246 3572; x_wconf 87' lang='lat' dir='ltr'>et</span> <span class='ocrx_word' id='word_1_488' title='bbox 1264 3520 1297 3572; x_wconf 81' lang='lat' dir='ltr'>nb</span> <span class='ocrx_word' id='word_1_489' title='bbox 1315 3537 1346 3574; x_wconf 83' lang='lat' dir='ltr'>ea</span> <span class='ocrx_word' id='word_1_490' title='bbox 1366 3519 1519 3574; x_wconf 89' lang='lat' dir='ltr'>incendium</span> <span class='ocrx_word' id='word_1_491' title='bbox 1533 3524 1634 3577; x_wconf 77' lang='lat' dir='ltr'>casuale</span> <span class='ocrx_word' id='word_1_492' title='bbox 1648 3543 1754 3596; x_wconf 85' lang='lat' dir='ltr'>passum</span> <span class='ocrx_word' id='word_1_493' title='bbox 1769 3529 1866 3583; x_wconf 90' lang='lat' dir='ltr'>immn-</span> 
     </span>
     <span class='ocr_line' id='line_1_66' title="bbox 1099 3603 1845 3680; baseline 0.007 -25"><span class='ocrx_word' id='word_1_494' title='bbox 1099 3617 1162 3656; x_wconf 88' lang='lat' dir='ltr'>nem</span> <span class='ocrx_word' id='word_1_495' title='bbox 1182 3619 1239 3656; x_wconf 88' lang='lat' dir='ltr'>esse</span> <span class='ocrx_word' id='word_1_496' title='bbox 1258 3603 1356 3656; x_wconf 79' lang='lat' dir='ltr'>asserit</span> <span class='ocrx_word' id='word_1_497' title='bbox 1376 3603 1469 3674; x_wconf 85' lang='lat' dir='ltr'>Prosp.</span> <span class='ocrx_word' id='word_1_498' title='bbox 1488 3603 1609 3658; x_wconf 81' lang='lat' dir='ltr'>Farinnc.</span> <span class='ocrx_word' id='word_1_499' title='bbox 1628 3625 1654 3680; x_wconf 75' lang='lat' dir='ltr'>p.</span> <span class='ocrx_word' id='word_1_500' title='bbox 1677 3621 1734 3662; x_wconf 86' lang='lat' dir='ltr'>tro.</span> <span class='ocrx_word' id='word_1_501' title='bbox 1754 3629 1782 3663; x_wconf 91' lang='lat' dir='ltr'>n.</span> <span class='ocrx_word' id='word_1_502' title='bbox 1803 3623 1845 3665; x_wconf 76' lang='lat' dir='ltr'>os.</span> 
     </span>
    </p>

    <p class='ocr_par' dir='ltr' id='par_1_32' title="bbox 1096 3683 1919 4604">
     <span class='ocr_line' id='line_1_67' title="bbox 1135 3683 1919 3750; baseline 0.015 -12"><span class='ocrx_word' id='word_1_503' title='bbox 1135 3683 1187 3738; x_wconf 88' lang='lat' dir='ltr'>Sed</span> <span class='ocrx_word' id='word_1_504' title='bbox 1207 3703 1243 3737; x_wconf 87' lang='lat' dir='ltr'>uu</span> <span class='ocrx_word' id='word_1_505' title='bbox 1263 3683 1352 3738; x_wconf 78' lang='lat' dir='ltr'>cicino</span> <span class='ocrx_word' id='word_1_506' title='bbox 1372 3685 1410 3738; x_wconf 84' lang='lat' dir='ltr'>od</span> <span class='ocrx_word' id='word_1_507' title='bbox 1426 3685 1624 3741; x_wconf 81' lang='lat' dir='ltr'>restitutionem</span> <span class='ocrx_word' id='word_1_508' title='bbox 1642 3691 1787 3746; x_wconf 82' lang='lat' dir='ltr'>dumnisit</span> <span class='ocrx_word' id='word_1_509' title='bbox 1801 3696 1868 3750; x_wconf 77' lang='lat' dir='ltr'>obn·-</span> <span class='ocrx_word' id='word_1_510' title='bbox 1906 3707 1919 3749; x_wconf 91' lang='grc'><strong>2</strong></span> 
     </span>
     <span class='ocr_line' id='line_1_68' title="bbox 1096 3766 1869 3838; baseline 0.01 -15"><span class='ocrx_word' id='word_1_511' title='bbox 1096 3768 1197 3838; x_wconf 76' lang='lat' dir='ltr'>gutur?</span> <span class='ocrx_word' id='word_1_512' title='bbox 1216 3766 1243 3818; x_wconf 90' lang='lat' dir='ltr'>id</span> <span class='ocrx_word' id='word_1_513' title='bbox 1262 3767 1377 3838; x_wconf 86' lang='lat' dir='ltr'>perinde</span> <span class='ocrx_word' id='word_1_514' title='bbox 1395 3772 1580 3838; x_wconf 83' lang='lat' dir='ltr'>negamus,ob</span> <span class='ocrx_word' id='word_1_515' title='bbox 1593 3775 1727 3828; x_wconf 79' lang='lat' dir='ltr'>rationum</span> <span class='ocrx_word' id='word_1_516' title='bbox 1740 3775 1869 3831; x_wconf 72' lang='lat' dir='ltr'>identita-</span> 
     </span>
     <span class='ocr_line' id='line_1_69' title="bbox 1101 3853 1868 3929; baseline 0.009 -20"><span class='ocrx_word' id='word_1_517' title='bbox 1101 3865 1168 3916; x_wconf 66' lang='lat' dir='ltr'>tem:</span> <span class='ocrx_word' id='word_1_518' title='bbox 1188 3853 1321 3923; x_wconf 72' lang='lat' dir='ltr'>obligatio</span> <span class='ocrx_word' id='word_1_519' title='bbox 1333 3855 1406 3909; x_wconf 87' lang='lat' dir='ltr'>enim</span> <span class='ocrx_word' id='word_1_520' title='bbox 1426 3857 1471 3910; x_wconf 86' lang='lat' dir='ltr'>itia</span> <span class='ocrx_word' id='word_1_521' title='bbox 1491 3859 1529 3910; x_wconf 81' lang='lat' dir='ltr'>rei</span> <span class='ocrx_word' id='word_1_522' title='bbox 1543 3875 1576 3910; x_wconf 82' lang='lat' dir='ltr'>ex</span> <span class='ocrx_word' id='word_1_523' title='bbox 1588 3868 1721 3914; x_wconf 86' lang='lat' dir='ltr'>contractu</span> <span class='ocrx_word' id='word_1_524' title='bbox 1733 3862 1868 3929; x_wconf 81' lang='lat' dir='ltr'>oriretur,</span> 
     </span>
     <span class='ocr_line' id='line_1_70' title="bbox 1098 3937 1871 4011; baseline 0.013 -19"><span class='ocrx_word' id='word_1_525' title='bbox 1098 3940 1178 3992; x_wconf 77' lang='lat' dir='ltr'>velex</span> <span class='ocrx_word' id='word_1_526' title='bbox 1188 3939 1296 3992; x_wconf 79' lang='lat' dir='ltr'>delicto·</span> <span class='ocrx_word' id='word_1_527' title='bbox 1306 3937 1463 3994; x_wconf 72' lang='lat' dir='ltr'>Coniunctus</span> <span class='ocrx_word' id='word_1_528' title='bbox 1477 3943 1522 3995; x_wconf 89' lang='lat' dir='ltr'>hic</span> <span class='ocrx_word' id='word_1_529' title='bbox 1537 3944 1624 3996; x_wconf 88' lang='lat' dir='ltr'>nullus</span> <span class='ocrx_word' id='word_1_530' title='bbox 1637 3945 1805 4011; x_wconf 76' lang='lat' dir='ltr'>intercessit,</span> <span class='ocrx_word' id='word_1_531' title='bbox 1821 3965 1871 4002; x_wconf 90' lang='lat' dir='ltr'>nec</span> 
     </span>
     <span class='ocr_line' id='line_1_71' title="bbox 1101 4023 1870 4098; baseline 0.014 -22"><span class='ocrx_word' id='word_1_532' title='bbox 1101 4023 1227 4077; x_wconf 85' lang='lat' dir='ltr'>delictum</span> <span class='ocrx_word' id='word_1_533' title='bbox 1238 4023 1346 4094; x_wconf 85' lang='lat' dir='ltr'>aliquod</span> <span class='ocrx_word' id='word_1_534' title='bbox 1357 4023 1432 4078; x_wconf 87' lang='lat' dir='ltr'>adest</span> <span class='ocrx_word' id='word_1_535' title='bbox 1446 4036 1555 4098; x_wconf 86' lang='lat' dir='ltr'>propter</span> <span class='ocrx_word' id='word_1_536' title='bbox 1563 4025 1693 4082; x_wconf 86' lang='lat' dir='ltr'>deficiens</span> <span class='ocrx_word' id='word_1_537' title='bbox 1709 4030 1806 4085; x_wconf 84' lang='lat' dir='ltr'>factum</span> <span class='ocrx_word' id='word_1_538' title='bbox 1822 4032 1870 4086; x_wconf 89' lang='lat' dir='ltr'>de·</span> 
     </span>
     <span class='ocr_line' id='line_1_72' title="bbox 1100 4107 1871 4186; baseline 0.016 -27"><span class='ocrx_word' id='word_1_539' title='bbox 1100 4107 1255 4177; x_wconf 80' lang='lat' dir='ltr'>linquendi,</span> <span class='ocrx_word' id='word_1_540' title='bbox 1272 4108 1483 4171; x_wconf 80' lang='lat' dir='ltr'>reiverum,rei</span> <span class='ocrx_word' id='word_1_541' title='bbox 1502 4123 1716 4183; x_wconf 64' lang='lat' dir='ltr'>praesumptum</span> <span class='ocrx_word' id='word_1_542' title='bbox 1737 4133 1800 4186; x_wconf 78' lang='lat' dir='ltr'>ergo</span> <span class='ocrx_word' id='word_1_543' title='bbox 1822 4135 1871 4171; x_wconf 87' lang='lat' dir='ltr'>nec</span> 
     </span>
     <span class='ocr_line' id='line_1_73' title="bbox 1100 4191 1874 4266; baseline 0.013 -22"><span class='ocrx_word' id='word_1_544' title='bbox 1100 4192 1134 4244; x_wconf 79' lang='lat' dir='ltr'>od</span> <span class='ocrx_word' id='word_1_545' title='bbox 1152 4191 1347 4246; x_wconf 83' lang='lat' dir='ltr'>restituendum</span> <span class='ocrx_word' id='word_1_546' title='bbox 1366 4191 1499 4262; x_wconf 80' lang='lat' dir='ltr'>obligatus</span> <span class='ocrx_word' id='word_1_547' title='bbox 1520 4195 1577 4247; x_wconf 89' lang='lat' dir='ltr'>dici</span> <span class='ocrx_word' id='word_1_548' title='bbox 1597 4197 1714 4266; x_wconf 86' lang='lat' dir='ltr'>poterit,</span> <span class='ocrx_word' id='word_1_549' title='bbox 1733 4210 1760 4252; x_wconf 90' lang='lat' dir='ltr'>et</span> <span class='ocrx_word' id='word_1_550' title='bbox 1779 4200 1874 4255; x_wconf 84' lang='lat' dir='ltr'>damon</span> 
     </span>
     <span class='ocr_line' id='line_1_74' title="bbox 1102 4275 1873 4349; baseline 0.012 -22"><span class='ocrx_word' id='word_1_551' title='bbox 1102 4275 1157 4328; x_wconf 82' lang='lat' dir='ltr'>into</span> <span class='ocrx_word' id='word_1_552' title='bbox 1174 4276 1323 4329; x_wconf 76' lang='lat' dir='ltr'>evenientia</span> <span class='ocrx_word' id='word_1_553' title='bbox 1341 4284 1475 4345; x_wconf 78' lang='lat' dir='ltr'>praestare</span> <span class='ocrx_word' id='word_1_554' title='bbox 1492 4277 1552 4346; x_wconf 84' lang='lat' dir='ltr'>quis</span> <span class='ocrx_word' id='word_1_555' title='bbox 1567 4295 1618 4330; x_wconf 92' lang='lat' dir='ltr'>non</span> <span class='ocrx_word' id='word_1_556' title='bbox 1633 4281 1736 4349; x_wconf 85' lang='lat' dir='ltr'>cogitur</span> <span class='ocrx_word' id='word_1_557' title='bbox 1749 4281 1824 4334; x_wconf 81' lang='lat' dir='ltr'>Lubt.</span> <span class='ocrx_word' id='word_1_558' title='bbox 1839 4285 1873 4339; x_wconf 85' lang='lat' dir='ltr'>de</span> 
     </span>
     <span class='ocr_line' id='line_1_75' title="bbox 1102 4363 1873 4435; baseline 0.001 -17"><span class='ocrx_word' id='word_1_559' title='bbox 1102 4366 1207 4420; x_wconf 72' lang='lat' dir='ltr'>incensi</span> <span class='ocrx_word' id='word_1_560' title='bbox 1227 4383 1250 4419; x_wconf 87' lang='lat' dir='ltr'>c.</span> <span class='ocrx_word' id='word_1_561' title='bbox 1266 4375 1289 4416; x_wconf 85' lang='grc' dir='ltr'>ι.</span> <span class='ocrx_word' id='word_1_562' title='bbox 1304 4384 1331 4418; x_wconf 88' lang='grc' dir='ltr'>ιι.</span> <span class='ocrx_word' id='word_1_563' title='bbox 1347 4375 1404 4417; x_wconf 79' lang='grc' dir='ltr'><strong><em>ιιι.</em></strong></span> <span class='ocrx_word' id='word_1_564' title='bbox 1415 4365 1538 4420; x_wconf 83' lang='lat' dir='ltr'>Menoch.</span> <span class='ocrx_word' id='word_1_565' title='bbox 1553 4363 1585 4416; x_wconf 83' lang='lat' dir='ltr'>de</span> <span class='ocrx_word' id='word_1_566' title='bbox 1600 4367 1637 4418; x_wconf 84' lang='lat' dir='ltr'>A.</span> <span class='ocrx_word' id='word_1_567' title='bbox 1654 4369 1677 4419; x_wconf 85' lang='lat'>1.</span> <span class='ocrx_word' id='word_1_568' title='bbox 1693 4369 1725 4435; x_wconf 80' lang='lat' dir='ltr'>Q.</span> <span class='ocrx_word' id='word_1_569' title='bbox 1739 4383 1795 4421; x_wconf 83' lang='lat' dir='ltr'>cuc.</span> <span class='ocrx_word' id='word_1_570' title='bbox 1810 4379 1873 4420; x_wconf 77' lang='lat' dir='ltr'>tto.</span> 
     </span>
     <span class='ocr_line' id='line_1_76' title="bbox 1103 4447 1870 4521; baseline -0.004 -19"><span class='ocrx_word' id='word_1_571' title='bbox 1103 4469 1131 4502; x_wconf 90' lang='grc' dir='ltr'>ιι.</span> <span class='ocrx_word' id='word_1_572' title='bbox 1152 4461 1175 4502; x_wconf 91' lang='grc'><strong>2.</strong></span> <span class='ocrx_word' id='word_1_573' title='bbox 1194 4451 1223 4504; x_wconf 89' lang='lat' dir='ltr'>in</span> <span class='ocrx_word' id='word_1_574' title='bbox 1232 4449 1290 4521; x_wconf 79' lang='lat' dir='ltr'>stu.</span> <span class='ocrx_word' id='word_1_575' title='bbox 1309 4449 1382 4503; x_wconf 80' lang='lat' dir='ltr'>Gaii·</span> <span class='ocrx_word' id='word_1_576' title='bbox 1402 4447 1462 4500; x_wconf 80' lang='lat' dir='ltr'>libr·</span> <span class='ocrx_word' id='word_1_577' title='bbox 1484 4461 1508 4500; x_wconf 96' lang='grc'><strong>2.</strong></span> <span class='ocrx_word' id='word_1_578' title='bbox 1523 4449 1624 4502; x_wconf 79' lang='lat' dir='ltr'>obseru-</span> <span class='ocrx_word' id='word_1_579' title='bbox 1641 4459 1683 4499; x_wconf 82' lang='grc'><strong>21.</strong></span> <span class='ocrx_word' id='word_1_580' title='bbox 1698 4469 1726 4502; x_wconf 91' lang='grc' dir='ltr'>ιι.</span> <span class='ocrx_word' id='word_1_581' title='bbox 1742 4461 1767 4504; x_wconf 86' lang='grc' dir='ltr'><strong><em>ι,</em></strong></span> <span class='ocrx_word' id='word_1_582' title='bbox 1780 4450 1870 4503; x_wconf 82' lang='lat' dir='ltr'>Furin.</span> 
     </span>
     <span class='ocr_line' id='line_1_77' title="bbox 1106 4538 1331 4604; baseline -0.004 -15"><span class='ocrx_word' id='word_1_583' title='bbox 1106 4538 1138 4604; x_wconf 81' lang='lat' dir='ltr'>Q.</span> <span class='ocrx_word' id='word_1_584' title='bbox 1162 4547 1220 4589; x_wconf 81' lang='lat' dir='ltr'>tto.</span> <span class='ocrx_word' id='word_1_585' title='bbox 1240 4556 1268 4588; x_wconf 87' lang='grc' dir='ltr'>ιι.</span> <span class='ocrx_word' id='word_1_586' title='bbox 1290 4545 1331 4588; x_wconf 83' lang='grc' dir='ltr'>ιι.</span> 
     </span>
    </p>

    <p class='ocr_par' dir='ltr' id='par_1_33' title="bbox 1104 4617 1925 5535">
     <span class='ocr_line' id='line_1_78' title="bbox 1140 4617 1925 4692; baseline -0.001 -20"><span class='ocrx_word' id='word_1_587' title='bbox 1140 4623 1198 4674; x_wconf 83' lang='lat' dir='ltr'>Hoc</span> <span class='ocrx_word' id='word_1_588' title='bbox 1216 4623 1304 4692; x_wconf 89' lang='lat' dir='ltr'>ipsum</span> <span class='ocrx_word' id='word_1_589' title='bbox 1322 4632 1407 4674; x_wconf 76' lang='lat' dir='ltr'>nmen</span> <span class='ocrx_word' id='word_1_590' title='bbox 1420 4619 1620 4690; x_wconf 73' lang='lat' dir='ltr'>praesuppositis</span> <span class='ocrx_word' id='word_1_591' title='bbox 1634 4617 1809 4671; x_wconf 86' lang='lat' dir='ltr'>tcrminorum</span> <span class='ocrx_word' id='word_1_592' title='bbox 1828 4619 1873 4672; x_wconf 88' lang='lat' dir='ltr'>ha·</span> <span class='ocrx_word' id='word_1_593' title='bbox 1912 4631 1925 4671; x_wconf 85' lang='grc'><strong>2</strong></span> 
     </span>
     <span class='ocr_line' id='line_1_79' title="bbox 1104 4699 1873 4774; baseline -0.001 -17"><span class='ocrx_word' id='word_1_594' title='bbox 1104 4704 1210 4758; x_wconf 80' lang='lat' dir='ltr'>bilitote</span> <span class='ocrx_word' id='word_1_595' title='bbox 1228 4705 1451 4774; x_wconf 68' lang='lat' dir='ltr'>intelligendum</span> <span class='ocrx_word' id='word_1_596' title='bbox 1474 4702 1497 4754; x_wconf 91' lang='lat' dir='ltr'>si</span> <span class='ocrx_word' id='word_1_597' title='bbox 1515 4702 1642 4755; x_wconf 71' lang='lat' dir='ltr'>uidelicet</span> <span class='ocrx_word' id='word_1_598' title='bbox 1658 4702 1726 4756; x_wconf 78' lang='lat' dir='ltr'>bona</span> <span class='ocrx_word' id='word_1_599' title='bbox 1743 4699 1797 4755; x_wconf 84' lang='lat' dir='ltr'>fide</span> <span class='ocrx_word' id='word_1_600' title='bbox 1804 4741 1812 4769; x_wconf 84' lang='lat'><strong><em>,</em></strong></span> <span class='ocrx_word' id='word_1_601' title='bbox 1833 4705 1873 4758; x_wconf 79' lang='lat' dir='ltr'>sei</span> 
     </span>
     <span class='ocr_line' id='line_1_80' title="bbox 1105 4786 1873 4856; baseline 0 -16"><span class='ocrx_word' id='word_1_602' title='bbox 1105 4790 1185 4842; x_wconf 81' lang='lat' dir='ltr'>etiam</span> <span class='ocrx_word' id='word_1_603' title='bbox 1206 4807 1238 4842; x_wconf 88' lang='lat' dir='ltr'>ex</span> <span class='ocrx_word' id='word_1_604' title='bbox 1257 4791 1392 4843; x_wconf 79' lang='lat' dir='ltr'>voluntate</span> <span class='ocrx_word' id='word_1_605' title='bbox 1411 4787 1521 4840; x_wconf 84' lang='lat' dir='ltr'>Domini</span> <span class='ocrx_word' id='word_1_606' title='bbox 1548 4788 1607 4856; x_wconf 91' lang='lat' dir='ltr'>quis</span> <span class='ocrx_word' id='word_1_607' title='bbox 1634 4786 1711 4840; x_wconf 85' lang='lat' dir='ltr'>aedes</span> <span class='ocrx_word' id='word_1_608' title='bbox 1737 4787 1873 4852; x_wconf 57' lang='lat' dir='ltr'>detineam</span> 
     </span>
     <span class='ocr_line' id='line_1_81' title="bbox 1106 4867 1874 4943; baseline -0.001 -18"><span class='ocrx_word' id='word_1_609' title='bbox 1106 4873 1156 4925; x_wconf 78' lang='lat' dir='ltr'>niis</span> <span class='ocrx_word' id='word_1_610' title='bbox 1183 4891 1245 4943; x_wconf 81' lang='lat' dir='ltr'>ergo</span> <span class='ocrx_word' id='word_1_611' title='bbox 1266 4875 1335 4926; x_wconf 88' lang='lat' dir='ltr'>ratio</span> <span class='ocrx_word' id='word_1_612' title='bbox 1360 4873 1415 4927; x_wconf 89' lang='lat' dir='ltr'>erit</span> <span class='ocrx_word' id='word_1_613' title='bbox 1433 4872 1516 4925; x_wconf 82' lang='lat' dir='ltr'>maiae</span> <span class='ocrx_word' id='word_1_614' title='bbox 1533 4867 1597 4923; x_wconf 88' lang='lat' dir='ltr'>iidei</span> <span class='ocrx_word' id='word_1_615' title='bbox 1617 4887 1815 4940; x_wconf 83' lang='lat' dir='ltr'>possessorum:</span> <span class='ocrx_word' id='word_1_616' title='bbox 1835 4873 1874 4924; x_wconf 80' lang='lat' dir='ltr'>Hi</span> 
     </span>
     <span class='ocr_line' id='line_1_82' title="bbox 1105 4955 1873 5028; baseline 0.001 -20"><span class='ocrx_word' id='word_1_617' title='bbox 1105 4957 1176 5008; x_wconf 88' lang='lat' dir='ltr'>enim</span> <span class='ocrx_word' id='word_1_618' title='bbox 1197 4971 1303 5028; x_wconf 83' lang='lat' dir='ltr'>semper</span> <span class='ocrx_word' id='word_1_619' title='bbox 1319 4957 1349 5011; x_wconf 92' lang='lat' dir='ltr'>in</span> <span class='ocrx_word' id='word_1_620' title='bbox 1369 4958 1428 5011; x_wconf 86' lang='lat' dir='ltr'>doio</span> <span class='ocrx_word' id='word_1_621' title='bbox 1449 4965 1476 5011; x_wconf 87' lang='lat' dir='ltr'>ct</span> <span class='ocrx_word' id='word_1_622' title='bbox 1494 4955 1571 5026; x_wconf 82' lang='lat' dir='ltr'>culpa</span> <span class='ocrx_word' id='word_1_623' title='bbox 1590 4971 1649 5009; x_wconf 88' lang='lat' dir='ltr'>esse</span> <span class='ocrx_word' id='word_1_624' title='bbox 1666 4956 1873 5026; x_wconf 79' lang='lat' dir='ltr'>intelliguntur,</span> 
     </span>
     <span class='ocr_line' id='line_1_83' title="bbox 1105 5037 1873 5113; baseline 0.001 -20"><span class='ocrx_word' id='word_1_625' title='bbox 1105 5051 1135 5093; x_wconf 87' lang='lat' dir='ltr'>ut</span> <span class='ocrx_word' id='word_1_626' title='bbox 1153 5051 1293 5113; x_wconf 80' lang='lat' dir='ltr'>supropter</span> <span class='ocrx_word' id='word_1_627' title='bbox 1310 5053 1335 5095; x_wconf 85' lang='lat' dir='ltr'>et</span> <span class='ocrx_word' id='word_1_628' title='bbox 1354 5042 1385 5096; x_wconf 82' lang='lat' dir='ltr'>ud</span> <span class='ocrx_word' id='word_1_629' title='bbox 1406 5059 1494 5095; x_wconf 81' lang='lat' dir='ltr'>casum</span> <span class='ocrx_word' id='word_1_630' title='bbox 1515 5041 1570 5094; x_wconf 89' lang='lat' dir='ltr'>sint</span> <span class='ocrx_word' id='word_1_631' title='bbox 1587 5038 1698 5110; x_wconf 78' lang='lat' dir='ltr'>obligati</span> <span class='ocrx_word' id='word_1_632' title='bbox 1717 5041 1736 5091; x_wconf 91' lang='lat'>1.</span> <span class='ocrx_word' id='word_1_633' title='bbox 1764 5053 1788 5092; x_wconf 84' lang='grc' dir='ltr'>ι.</span> <span class='ocrx_word' id='word_1_634' title='bbox 1809 5037 1832 5112; x_wconf 67' lang='grc'><strong>5.</strong></span> <span class='ocrx_word' id='word_1_635' title='bbox 1850 5052 1873 5094; x_wconf 89' lang='grc' dir='ltr'>ι.</span> 
     </span>
     <span class='ocr_line' id='line_1_84' title="bbox 1107 5120 1874 5197; baseline -0.005 -17"><span class='ocrx_word' id='word_1_636' title='bbox 1107 5137 1133 5180; x_wconf 90' lang='lat' dir='ltr'>et</span> <span class='ocrx_word' id='word_1_637' title='bbox 1150 5127 1168 5178; x_wconf 84' lang='grc'><strong><em>1.</em></strong></span> <span class='ocrx_word' id='word_1_638' title='bbox 1176 5125 1237 5196; x_wconf 74' lang='lat' dir='ltr'>fin.</span> <span class='ocrx_word' id='word_1_639' title='bbox 1245 5125 1286 5195; x_wconf 83' lang='lat' dir='ltr'>ff.</span> <span class='ocrx_word' id='word_1_640' title='bbox 1303 5129 1338 5182; x_wconf 85' lang='lat' dir='ltr'>de</span> <span class='ocrx_word' id='word_1_641' title='bbox 1355 5126 1471 5179; x_wconf 84' lang='lat' dir='ltr'>condict.</span> <span class='ocrx_word' id='word_1_642' title='bbox 1482 5120 1558 5194; x_wconf 86' lang='lat' dir='ltr'>furt.</span> <span class='ocrx_word' id='word_1_643' title='bbox 1580 5123 1661 5176; x_wconf 78' lang='lat' dir='ltr'>Andr.</span> <span class='ocrx_word' id='word_1_644' title='bbox 1676 5125 1827 5178; x_wconf 81' lang='lat' dir='ltr'>Rauchbar.</span> <span class='ocrx_word' id='word_1_645' title='bbox 1843 5131 1874 5197; x_wconf 80' lang='lat' dir='ltr'>Q.</span> 
     </span>
     <span class='ocr_line' id='line_1_85' title="bbox 1108 5209 1876 5282; baseline -0.008 -14"><span class='ocrx_word' id='word_1_646' title='bbox 1108 5212 1210 5268; x_wconf 80' lang='lat' dir='ltr'>Illustr.</span> <span class='ocrx_word' id='word_1_647' title='bbox 1231 5214 1267 5265; x_wconf 86' lang='lat' dir='ltr'>P.</span> <span class='ocrx_word' id='word_1_648' title='bbox 1289 5222 1313 5261; x_wconf 90' lang='grc'><strong>2.</strong></span> <span class='ocrx_word' id='word_1_649' title='bbox 1331 5232 1356 5282; x_wconf 82' lang='lat' dir='ltr'>q.</span> <span class='ocrx_word' id='word_1_650' title='bbox 1380 5222 1420 5264; x_wconf 90' lang='lat' dir='ltr'>to.</span> <span class='ocrx_word' id='word_1_651' title='bbox 1441 5231 1468 5264; x_wconf 93' lang='lat' dir='ltr'>n.</span> <span class='ocrx_word' id='word_1_652' title='bbox 1490 5223 1532 5262; x_wconf 75' lang='grc' dir='ltr'>ιο.</span> <span class='ocrx_word' id='word_1_653' title='bbox 1550 5209 1664 5262; x_wconf 79' lang='lat' dir='ltr'>Etiamsi</span> <span class='ocrx_word' id='word_1_654' title='bbox 1682 5210 1759 5279; x_wconf 76' lang='lat' dir='ltr'>culpe</span> <span class='ocrx_word' id='word_1_655' title='bbox 1777 5209 1876 5279; x_wconf 82' lang='lat' dir='ltr'>specia-</span> 
     </span>
     <span class='ocr_line' id='line_1_86' title="bbox 1105 5291 1873 5369; baseline -0.005 -19"><span class='ocrx_word' id='word_1_656' title='bbox 1105 5297 1139 5350; x_wconf 85' lang='lat' dir='ltr'>lis</span> <span class='ocrx_word' id='word_1_657' title='bbox 1159 5298 1241 5350; x_wconf 81' lang='lat' dir='ltr'>molae</span> <span class='ocrx_word' id='word_1_658' title='bbox 1260 5291 1325 5348; x_wconf 77' lang='lat' dir='ltr'>fluet</span> <span class='ocrx_word' id='word_1_659' title='bbox 1343 5295 1503 5369; x_wconf 87' lang='lat' dir='ltr'>possessoris</span> <span class='ocrx_word' id='word_1_660' title='bbox 1515 5311 1603 5347; x_wconf 87' lang='lat' dir='ltr'>casum</span> <span class='ocrx_word' id='word_1_661' title='bbox 1618 5311 1670 5346; x_wconf 89' lang='lat' dir='ltr'>non</span> <span class='ocrx_word' id='word_1_662' title='bbox 1684 5295 1873 5364; x_wconf 79' lang='lat' dir='ltr'>praecesserit,</span> 
     </span>
     <span class='ocr_line' id='line_1_87' title="bbox 1107 5377 1873 5451; baseline -0.005 -19"><span class='ocrx_word' id='word_1_663' title='bbox 1107 5397 1168 5434; x_wconf 74' lang='lat' dir='ltr'>curm</span> <span class='ocrx_word' id='word_1_664' title='bbox 1187 5380 1239 5434; x_wconf 88' lang='lat' dir='ltr'>sibi</span> <span class='ocrx_word' id='word_1_665' title='bbox 1258 5380 1391 5451; x_wconf 73' lang='lat' dir='ltr'>imputare</span> <span class='ocrx_word' id='word_1_666' title='bbox 1409 5379 1536 5444; x_wconf 83' lang='lat' dir='ltr'>debcant,</span> <span class='ocrx_word' id='word_1_667' title='bbox 1562 5377 1631 5447; x_wconf 79' lang='lat' dir='ltr'>quod</span> <span class='ocrx_word' id='word_1_668' title='bbox 1647 5395 1703 5430; x_wconf 87' lang='lat' dir='ltr'>rem</span> <span class='ocrx_word' id='word_1_669' title='bbox 1725 5395 1776 5430; x_wconf 92' lang='lat' dir='ltr'>non</span> <span class='ocrx_word' id='word_1_670' title='bbox 1793 5378 1873 5428; x_wconf 85' lang='lat' dir='ltr'>resti-</span> 
     </span>
     <span class='ocr_line' id='line_1_88' title="bbox 1108 5461 1874 5535; baseline -0.013 -15"><span class='ocrx_word' id='word_1_671' title='bbox 1108 5465 1216 5520; x_wconf 86' lang='lat' dir='ltr'>tuerint.</span> <span class='ocrx_word' id='word_1_672' title='bbox 1229 5467 1300 5518; x_wconf 79' lang='lat' dir='ltr'>Iiiuc</span> <span class='ocrx_word' id='word_1_673' title='bbox 1313 5465 1367 5518; x_wconf 82' lang='lat' dir='ltr'>crit</span> <span class='ocrx_word' id='word_1_674' title='bbox 1378 5464 1509 5535; x_wconf 78' lang='lat' dir='ltr'>obligatus</span> <span class='ocrx_word' id='word_1_675' title='bbox 1523 5479 1584 5517; x_wconf 80' lang='lat' dir='ltr'>reru</span> <span class='ocrx_word' id='word_1_676' title='bbox 1598 5463 1665 5514; x_wconf 86' lang='lat' dir='ltr'>Duo.</span> <span class='ocrx_word' id='word_1_677' title='bbox 1681 5462 1715 5513; x_wconf 82' lang='lat' dir='ltr'>od</span> <span class='ocrx_word' id='word_1_678' title='bbox 1729 5461 1874 5514; x_wconf 85' lang='lat' dir='ltr'>restituen-</span> 
     </span>
    </p>
   </div>
   <div class='ocr_carea' id='block_1_18' title="bbox 0 0 2267 6340">
    <p class='ocr_par' dir='ltr' id='par_1_34' title="bbox 0 0 2267 6340">
     <span class='ocr_line' id='line_1_89' title="bbox 0 0 2267 6340; baseline 0 0"><span class='ocrx_word' id='word_1_679' title='bbox 0 0 2267 6340; x_wconf 95' lang='lat' dir='ltr'> </span> 
     </span>
    </p>
   </div>
  </div>
 </body>
</html>
