4404 6274
688 515 738 574 DE
756 510 870 574 ctost
889 509 1101 572 certunm
1120 509 1219 569 SPYLI
1238 507 1384 568 contin.

863 721 1112 794 CAPUT
1158 721 1205 789 ΙΙ.

715 921 774 990 De
797 941 903 988 causa
927 916 1089 1010 efficiente
1113 912 1199 1007 styli
1219 914 1349 980 euriae

1067 1136 1159 1208 primu
1179 1137 1238 1190 loco
1257 1151 1284 1190 ee
1303 1133 1379 1190 sistit
1395 1133 1545 1206 Princeps,
1558 1129 1592 1186 dc
1603 1149 1671 1204 quo,
1684 1151 1717 1188 nn
1731 1144 1759 1189 et
1771 1151 1833 1208 σαι*

1068 1223 1147 1276 modo
1165 1223 1264 1292 stylum
1279 1219 1367 1274 msice
1378 1220 1466 1290 possit
1477 1217 1661 1284 introducere,
1673 1219 1832 1286 videndnme

242 1323 431 1388 ‘continuatio
449 1318 529 1376 tituli.
548 1335 579 1370 n.
597 1327 624 1370 t.
1066 1308 1170 1378 enepius
1188 1307 1262 1360 enim
1280 1303 1381 1359 mentio
1403 1301 1438 1357 iit
1461 1305 1533 1375 epod
1559 1303 1679 1358 doctores
1704 1305 1739 1359 de
1760 1308 1832 1377 stylo

242 1417 324 1467 Inter
339 1421 474 1480 personas
490 1402 592 1472 stylum
603 1398 696 1454 curius
708 1393 910 1452 introducentes
925 1391 1014 1465 primo
1066 1389 1225 1462 Principis,
1244 1391 1308 1444 dum
1326 1407 1376 1461 pro
1393 1389 1483 1459 regula
1507 1389 1613 1443 trudere
1637 1391 1738 1455 solent,
1764 1391 1835 1461 quod

282 1497 342 1548 loco
360 1496 471 1562 ponunt
490 1483 545 1540 od.
564 1480 733 1550 Principem.
752 1495 781 1530 n.
801 1487 826 1528 ².
1066 1477 1149 1545 stylus
1167 1475 1305 1546 Principis
1318 1475 1544 1544 idemoperetus,
1557 1491 1586 1529 nc
1600 1476 1762 1530 cousuetudo
1775 1478 1836 1530 nni-

248 1577 386 1644 Princeps
399 1571 473 1627 circa
486 1567 587 1638 stylum
598 1565 691 1620 curiae
705 1559 847 1629 ίίιρσσινι
858 1567 949 1629 potest
959 1557 1017 1630 legs
1070 1559 1192 1613 uersutis.
1212 1557 1339 1612 Alemnd.
1360 1561 1486 1628 Turtugn.
1505 1560 1524 1611 1.
1544 1572 1572 1612 t.
1586 1561 1678 1614 Conso
1692 1572 1733 1612 ts.
1747 1579 1774 1613 ι.
1785 1561 1836 1615 ult.

279 1661 400 1734 publica.
419 1675 449 1710 n.
469 1665 494 1706 t·
1069 1644 1192 1698 Birthoi.
1211 1643 1341 1697 Bertneol.
1366 1643 1506 1699 Tenet-di
1523 1644 1618 1699 Clausa
1631 1645 1836 1701 instrrcment'ol.

246 1749 301 1806 ,ted
315 1746 356 1800 cic
377 1743 529 1813 degenerat
541 1737 569 1792 in
583 1731 790 1792 ordinationem
800 1729 919 1802 iudicii,
933 1747 951 1782 a
964 1747 1019 1800 qua
1072 1729 1168 1783 acus.
1187 1737 1216 1780 t.¹
1237 1729 1334 1782 Gloss.
1348 1739 1396 1782 tt.
1409 1745 1436 1780 n.
1450 1741 1473 1781 e.
1487 1727 1621 1782 Gurdinii
1639 1731 1739 1784 nosch.
1750 1741 1836 1797 proce.

428 1140 776 1206 scrutum

278 1831 400 1886 muitum
420 1821 524 1894 differt.
543 1841 571 1874 n.
592 1830 618 1871 4.

248 1911 425 1970 Consuetudo
444 1927 500 1980 pun
519 1903 584 1958 talis
604 1921 622 1956 σ
639 1901 772 1972 Principe
790 1916 848 1954 non
865 1907 954 1969 potest
977 1895 1020 1950 in-

282 1997 398 2054 troduci.
417 2013 444 2048 n.
465 2007 492 2048 t.

252 2083 420 2154 Applicutur
436 2079 490 2132 lton
508 2077 546 2132 ud
560 2074 662 2146 stylum
680 2072 781 2128 euriae.
800 2090 828 2124 n.
849 2083 877 2124 s.

245 2157 492 2233 duplicaturque
508 2159 595 2228 stylus
614 2155 755 2227 Principis
771 2154 917 2226 significet.
936 2172 969 2206 n.
986 2163 1012 2206 t.

248 2247 297 2308 An
316 2244 436 2300 scientia
456 2255 483 2299 et
500 2241 678 2298 conniventia
696 2240 836 2310 Principis
853 2249 937 2294 mutet
961 2240 1026 2310 styli

285 2328 442 2386 naturum?
459 2347 488 2382 n.
507 2340 532 2381 t.
569 2340 572 2346 ·

247 2419 295 2472 An
316 2435 357 2470 eu
372 2415 503 2486 opinione
517 2415 573 2468 lid.
587 2423 695 2468 tantum
704 2411 807 2483 iudeus,
821 2411 869 2482 qui
878 2411 960 2466 tolet
972 2428 1023 2479 po-

282 2512 414 2557 testatem
432 2501 500 2572 lepis
517 2498 678 2554 condendae
693 2497 795 2566 stylum
812 2495 906 2552 curiae
923 2496 1022 2552 introd.

282 2585 393 2654 possit?
412 2605 441 2638 n.
460 2597 488 2638 t.

256 2666 427 2735 Erplicatur
442 2667 553 2734 phrasis
575 2667 633 2720 Dd.
657 2665 758 2736 tedere
774 2674 938 2735 potestatem
959 2666 1025 2738 lepis

287 2749 462 2804 condendae.
479 2768 505 2801 n.
527 2760 568 2802 to.

253 2833 370 2904 Quando
406 2833 458 2888 alii
475 2832 582 2904 judices
604 2833 652 2889 uel
676 2829 853 2902 magistratus
877 2833 1025 2886 secundum

293 2935 465 2973 communem
480 2918 534 2971 Dd.
550 2917 708 2990 opinionem
719 2915 821 2987 stylum
834 2917 928 2970 curiae
939 2915 1025 2972 iutro-

290 3003 394 3058 ducere
410 2999 538 3074 possint?
556 3019 583 3054 n.
604 3012 644 3054 tt.

253 3084 347 3155 Stylus
365 3083 458 3138 σανίσι
475 3085 623 3138 secundum
642 3082 779 3137 veriorem
796 3083 973 3150 sententiam,
987 3083 1023 3138 ab

290 3167 371 3222 omni
383 3166 477 3236 iudice
494 3165 633 3222 introduci
644 3175 741 3236 potest.
761 3183 790 3218 n.
813 3176 853 3217 tt.

258 3252 354 3306 Judeu
372 3261 471 3306 contro
489 3251 589 3322 stylum
602 3249 734 3319 iudicans
757 3249 832 3303 litem
846 3247 926 3319 fucit
941 3265 1022 3308 suam

291 3345 321 3390 et
337 3334 432 3406 puniri
445 3343 544 3406 potest.
563 3353 592 3386 rc.
614 3345 653 3386 tt.

252 3424 287 3477 Iu
303 3419 398 3490 judice
415 3421 515 3490 scytnm
530 3417 717 3472 introducente
734 3433 792 3470 non
811 3415 960 3488 requiritur
973 3437 1023 3490 po·

291 3515 379 3560 testas
397 3514 528 3560 statutum
546 3502 722 3558 concedendi.
741 3521 768 3554 n.
791 3513 831 3556 44.

254 3591 302 3646 An
325 3589 413 3660 stylus
433 3587 526 3644 curiae
546 3606 580 3640 eu
597 3587 683 3641 solius
696 3583 798 3656 iudicis
817 3587 922 3642 actibus
936 3585 1024 3658 possit

290 3673 442 3740 introduci,
458 3693 496 3727 σα
508 3690 575 3728 vero
592 3683 668 3726 octus
677 3670 761 3726 totius
768 3669 870 3739 judicii
881 3671 1023 3742 requiram

288 3769 342 3814 tur.
363 3779 391 3814 n.
416 3770 456 3812 ts.

256 3845 425 3916 Explicatur
440 3841 581 3896 Berraeot.
600 3842 684 3896 locut.
703 3857 729 3891 rr.
752 3849 792 3893 tt·
814 3848 854 3889 tr.

253 3935 400 3985 Personae
422 3922 757 3996 eutrop'udicialesstplum
772 3921 867 3976 σανίσι
885 3941 942 3976 non
959 3939 1023 3995 por·

285 4011 596 4066 cuncticreantem.
619 4017 659 4059 te.
681 4019 723 4062 ts.

250 4097 329 4154 idem
347 4092 491 4150 dicentium
514 4094 546 4148 de
567 4091 719 4148 Λάνασσαν
741 4101 772 4146 ct.
788 4091 1021 4160 proacuratoribus.

287 4199 315 4234 n.
337 4189 379 4232 2⁰.

252 4263 302 4316 En
318 4263 390 4332 stylo
409 4259 580 4331 dignoscitur
597 4260 711 4314 Auctor.
730 4276 758 4310 n.
779 4267 830 4310 tt..

250 4347 330 4400 Certo
356 4355 448 4398 sanun
470 4351 594 4412 respectu
618 4338 757 4394 Advocati
780 4350 807 4393 et
829 4350 1021 4409 procuratores

285 4429 393 4500 stylum
411 4430 505 4488 curiae
523 4427 695 4483 introducere
711 4436 837 4498 possunt.
857 4444 885 4480 n.
906 4437 949 4477 tn.

251 4514 329 4572 Idem
349 4515 431 4569 etiam
448 4516 483 4570 de
502 4514 565 4570 Not.
577 4511 626 4565 sut
641 4509 761 4565 distinct.
776 4519 884 4577 tamen,
898 4509 953 4564 dici
961 4520 1020 4582 pot.

286 4617 314 4652 n.
337 4609 379 4652 dl.

254 4709 441 4822 praemissis
453 4763 526 4831 illis,
544 4783 611 4838 qnae
628 4765 662 4818 ed
682 4762 872 4818 declarandam
891 4768 954 4836 stpli
976 4785 1021 4820 crr-

251 4854 308 4908 riao
325 4848 571 4903 denominationem
589 4860 614 4902 et
627 4847 836 4916 descriptionem
850 4849 934 4903 lucere
949 4852 1022 4904 nide-

249 4934 360 4998 bnntur,
379 4931 430 4986 hcc
448 4932 536 5004 cupite
553 4941 578 4985 et
595 4932 631 4984 iu.
651 4931 773 5000 sequenti
798 4931 892 4985 modus
918 4935 1022 4987 consti·

250 5017 343 5073 tuendi
360 5015 403 5071 sel
416 5015 607 5070 introducendi
622 5015 717 5083 stylum
733 5015 838 5080 curinc,
850 5018 958 5088 ejusque
972 5037 1020 5074 ne-

251 5101 364 5158 serenus
384 5100 513 5170 requisito
532 5097 699 5170 exponendo.
716 5097 754 5151 Ut
770 5117 831 5154 reru
849 5105 1022 5172 procedemus

252 5186 363 5250 ordine,
382 5186 433 5238 hou
451 5185 534 5258 cupite
553 5201 657 5237 cauum
676 5179 852 5250 officientem,
871 5205 917 5240 seu
932 5175 1023 5258 perso-

252 5288 301 5326 ues
319 5271 419 5340 stylum
437 5271 528 5322 corice
546 5267 716 5322 introducere
737 5268 853 5324 valentes
872 5272 1023 5327 considera-

251 5353 358 5418 bimus,
379 5353 503 5422 sequenti
523 5369 587 5406 sero
605 5352 692 5424 cupite
711 5353 839 5422 requisitu
857 5359 897 5410 rel
912 5359 1025 5416 turinum
1041 5355 1045 5364 '

198 5445 213 5488 n
251 5433 470 5506 introductionis
491 5434 646 5504 strbjecturi.
666 5437 797 5493 Personas
817 5441 889 5514 quod
914 5447 1024 5522 attinet,

1071 1814 1212 1870 Gentius.
1235 1813 1313 1866 Torn.
1335 1824 1357 1863 ν.
1378 1813 1418 1865 lit.
1440 1816 1474 1866 S.
1491 1815 1624 1869 Conclus-
1638 1826 1699 1869 stt.
1717 1818 1843 1872 licendo

1071 1907 1146 1953 curte
1164 1897 1200 1952 de
1213 1909 1334 1953 consuet.
1353 1899 1388 1952 in‘
1401 1899 1517 1969 propser.
1531 1919 1559 1954 n.
1575 1911 1616 1952 nt.
1627 1902 1655 1956 in
1668 1902 1722 1970 fin.
1734 1914 1760 1958 et
1771 1915 1835 1960 sect.

1074 1993 1097 2037 t.
1117 2002 1145 2036 n.
1166 1992 1208 2036 te.
1225 1983 1259 2036 Et
1276 1983 1346 2054 quud
1364 1985 1449 2052 stylus
1464 1985 1599 2055 Principis
1618 1989 1658 2054 jus
1678 1989 1771 2056 iaciat,
1791 1993 1836 2044 in·

1074 2077 1116 2122 ter
1133 2083 1230 2120 omnes
1244 2069 1305 2121 tec.
1317 2069 1444 2120 Menoeis.
1463 2068 1565 2122 Coruil.
1579 2078 1640 2123 ets.
1652 2090 1680 2124 n.
1696 2085 1738 2124 ss.
1754 2077 1795 2129 De
1808 2091 1838 2130 ec
1875 2089 1888 2131 t

1073 2152 1182 2222 quidem
1202 2151 1306 2204 nullum
1324 2161 1365 2204 est
1382 2151 1508 2217 dubium,
1522 2153 1595 2220 quod
1607 2155 1734 2226 Princeps
1747 2157 1838 2228 dispo·

1073 2255 1137 2292 nere
1157 2237 1190 2290 de
1208 2235 1277 2305 stylo
1294 2235 1382 2288 curiae
1399 2235 1500 2304 possin
1512 2250 1572 2286 cum
1586 2236 1659 2289 euim
1671 2237 1742 2292 circe
1754 2242 1840 2311 legem

1073 2322 1250 2377 universalem
1270 2321 1298 2372 in
1317 2338 1363 2374 sun
1382 2319 1530 2390 Republica
1556 2319 1698 2392 disponere
1719 2323 1753 2378 de
1773 2345 1838 2396 quo.

1074 2425 1186 2478 cumque
1205 2405 1310 2475 negotio
1329 2405 1428 2469 relect,
1442 2408 1473 2458 L.
1491 2417 1513 2459 t.
1523 2403 1565 2472 ff.
1579 2407 1612 2462 de
1625 2409 1738 2463 Constit.
1752 2413 1839 2468 Prim-

1072 2493 1122 2564 eip.
1140 2503 1167 2545 et
1185 2489 1239 2563 ipsi
1257 2491 1306 2542 suti
1326 2489 1397 2542 inter
1414 2489 1573 2557 nequitatem
1595 2500 1622 2544 et
1647 2492 1688 2558 jus
1711 2499 1838 2555 strictum

1074 2575 1193 2628 niedinru
1210 2570 1343 2641 quoddam
1361 2572 1430 2637 justu
1448 2571 1673 2638 interpretatione
1685 2577 1783 2645 eligere
1801 2585 1838 2634 li.

1074 2667 1146 2722 cest,
1166 2659 1199 2710 L.
1224 2668 1245 2709 t.
1265 2658 1293 2710 C.
1307 2656 1340 2708 de
1353 2656 1408 2708 ll.
1420 2655 1511 2723 utique
1522 2654 1604 2707 etiem
1617 2655 1759 2725 circuitis,
1772 2685 1838 2734 qna

1074 2740 1183 2794 modum
1201 2738 1346 2794 ordinandi
1365 2749 1392 2792 et
1409 2739 1587 2808 prosequendi
1601 2757 1752 2810 processum
1770 2751 1841 2817 judi.

1073 2826 1186 2880 cirrium
1193 2834 1367 2890 concernunt,
1382 2822 1525 2893 disponere
1538 2823 1651 2890 solebit,
1662 2827 1719 2898 lege
1733 2832 1841 2901 publica

1074 2911 1132 2965 scil.
1146 2913 1243 2982 stylum
1254 2907 1342 2962 curiae
1355 2906 1531 2972 moderando,
1541 2907 1752 2980 determinando,
1767 2917 1842 2972 sbro-

1075 2993 1175 3065 gendo;
1199 2993 1269 3064 quod
1294 2993 1382 3065 ipsum
1409 3003 1448 3048 tct
1471 2991 1633 3062 judiciorum
1656 2999 1841 3058 ordinationes

1074 3079 1177 3132 abunde
1195 3087 1340 3145 testentur,
1359 3077 1406 3132 ubi
1419 3078 1510 3132 omnin
1524 3077 1595 3145 iere,
1606 3097 1673 3150 quse
1686 3083 1720 3135 ed
1733 3085 1842 3142 modum

1073 3165 1236 3234 procedendi
1251 3172 1383 3237 metent,
1404 3163 1569 3236 praescripti
1587 3175 1615 3220 et
1632 3166 1838 3244 circumscripta

1073 3249 1164 3305 ridere
1181 3249 1251 3302 licet.
1268 3252 1368 3303 Verum
1388 3249 1454 3302 heco
1472 3249 1530 3319 ipse
1543 3249 1605 3318 styli
1623 3251 1713 3306 eurise
1730 3256 1841 3312 nomine
1878 3269 1892 3312 4

1012 3375 1015 3382 ,
1072 3333 1182 3406 proprie
1198 3333 1290 3388 venire
1307 3350 1361 3386 nou
1380 3340 1500 3403 possuntt
1518 3333 1636 3388 Multum
1647 3337 1720 3390 enim
1732 3339 1842 3394 ordina-

1072 3423 1160 3474 tiones
1178 3419 1340 3488 judioiorum
1359 3437 1374 3472 u
1392 3419 1457 3486 stylo
1477 3418 1565 3472 curiae
1579 3419 1717 3476 differunt
1736 3425 1842 3481 illusi·

1072 3504 1181 3576 quidem
1200 3504 1242 3559 rel
1261 3512 1422 3558 sntutornm
1439 3503 1482 3556 rol
1501 3503 1568 3574 legis
1585 3507 1696 3560 nomine
1714 3509 1842 3564 veniunt:

1072 3589 1118 3644 hic
1137 3606 1198 3644 sero
1216 3604 1254 3642 es.
1268 3585 1461 3642 consuetudine
1479 3587 1629 3659 dependet,
1648 3603 1676 3646 ut
1693 3594 1843 3649 siueedem

1072 3675 1131 3740 hic,
1150 3691 1218 3744 quae
1235 3675 1294 3744 jure
1310 3671 1447 3727 communi
1465 3675 1537 3728 iuter
1555 3675 1639 3743 legem
1652 3684 1681 3728 et
1698 3689 1843 3734 mutuetu-

1072 3761 1168 3816 dinem
1182 3771 1233 3824 est,
1252 3757 1413 3814 differentis·
1424 3757 1551 3813 obtinent.
1570 3761 1631 3812 tum
1656 3777 1720 3816 reru
1738 3774 1842 3818 certum
1880 3771 1900 3834 εξ

1071 3859 1128 3912 est,
1151 3847 1303 3917 Principem
1320 3863 1375 3900 nou
1395 3860 1473 3914 posse
1491 3842 1713 3898 connsuetudinem
1730 3864 1782 3916 qnu
1802 3857 1841 3902 tu.

1071 3933 1125 3985 iem
1139 3929 1316 3986 introducere.
1329 3929 1360 3982 Si
1372 3929 1446 3982 enim
1459 3927 1589 3997 Princeps
1601 3937 1689 3981 ectum
1702 3931 1844 3998 quemdem

1071 4025 1165 4070 contro
1177 4017 1270 4084 legem·
1281 4013 1350 4068 iorle
1364 4021 1497 4078 exercent,
1508 4012 1844 4070 tuncnulrnlteumectum

1073 4101 1112 4156 ite
1124 4099 1259 4156 obsessuri
1273 4097 1463 4168 imposterum,
1477 4105 1523 4150 sut
1535 4113 1598 4149 stou.
1613 4097 1701 4150 Priori
1715 4115 1777 4152 cesu
1790 4117 1843 4154 uon

1074 4186 1236 4242 consuetodo
1254 4182 1450 4247 introducitur,
1469 4180 1516 4236 sed
1540 4181 1630 4250 potius
1655 4184 1703 4236 len
1724 4183 1808 4238 iertur
1828 4205 1844 4238 u

1073 4271 1217 4343 Principe:
1236 4267 1433 4340 quotiescumqt
1446 4267 1520 4320 euim
1533 4264 1646 4319 declarat
1660 4267 1789 4338 Princeps
1799 4287 1844 4321 ro·

1071 4359 1201 4410 innurem
1220 4371 1295 4410 suum
1315 4353 1349 4407 de
1367 4363 1426 4408 ectu
1444 4353 1618 4424 imposterum
1637 4351 1726 4406 taliter
1745 4354 1842 4408 relta-

1071 4440 1138 4494 liter·
1153 4439 1333 4502 observando,
1355 4438 1432 4490 toties
1451 4437 1501 4490 irco
1518 4436 1584 4506 legis
1604 4437 1785 4493 tocnrtutero
1800 4441 1845 4492 hn-

1071 4526 1133 4592 bet,
1153 4529 1187 4580 L.
1212 4536 1233 4578 t.
1251 4542 1295 4596 pr.
1304 4521 1346 4592 ff
1376 4522 1409 4576 de
1434 4521 1544 4576 constit.
1569 4521 1693 4594 Princip.
1717 4533 1744 4576 et
1768 4529 1790 4586 t.
1820 4537 1843 4578 t.

1072 4607 1164 4664 Instit.
1181 4610 1215 4664 de
1233 4609 1264 4660 J.
1287 4609 1319 4660 Ν.
1344 4607 1378 4660 G.
1398 4615 1425 4658 et
1442 4607 1470 4660 C.
1486 4605 1634 4658 Posteriori
1647 4621 1724 4671 ccsu;
1736 4607 1845 4661 si-uolit
1878 4645 1882 4654 .

1072 4694 1147 4748 ilium
1167 4701 1255 4746 ectum
1275 4693 1448 4762 imposterum
1470 4689 1608 4744 obsessuri
1632 4692 1674 4744 rel
1700 4689 1729 4743 in
1754 4707 1846 4746 eonse-

1071 4777 1209 4850 quentisru
1225 4775 1313 4841 trahi,
1331 4773 1491 4830 consuetudo
1502 4773 1532 4828 in
1545 4773 1665 4830 intusum
1680 4775 1844 4846 impeditur,

1073 4871 1101 4916 et
1119 4871 1211 4924 uetus,
1229 4860 1263 4912 ub
1281 4856 1342 4912 eliis
1362 4857 1394 4911 sd
1414 4857 1596 4912 imitationem
1610 4857 1748 4929 Principis
1763 4857 1844 4926 pesti,

1073 4960 1122 5015 pro
1142 4942 1247 4997 vitiosis
1267 4939 1427 5012 reputandi,
1439 4958 1498 4994 cnm
1511 4939 1702 5006 inudnmento,
1715 4941 1757 4992 cui
1772 4940 1845 5010 inni7

1070 5039 1173 5092 nutus,
1191 5024 1548 5091 destituentur.,itlem.bce
1570 5025 1604 5080 ed
1630 5029 1730 5096 stylum
1755 5025 1845 5079 curiae
1882 5038 1895 5078 s

1072 5114 1221 5184 opptimsse
1241 5110 1318 5164 incile
1338 5120 1387 5166 est.
1407 5111 1537 5182 Princeps
1556 5109 1629 5162 euim
1648 5109 1673 5162 si
1688 5109 1788 5177 stylum
1802 5125 1842 5178 su·

1072 5197 1149 5252 litum
1162 5195 1315 5264 mutaverit,
1325 5205 1352 5249 ct
1364 5211 1460 5250 nomm
1475 5194 1622 5265 receperit,
1635 5209 1717 5246 notus
1731 5191 1777 5244 iile
1791 5203 1842 5261 stp-

1073 5281 1116 5334 lus
1134 5297 1189 5332 uon
1208 5297 1256 5351 pro
1274 5279 1466 5335 consuetudine
1483 5279 1620 5348 judiciali,
1639 5277 1686 5332 sed
1700 5295 1748 5349 pro
1761 5277 1846 5346 legen

1075 5364 1202 5435 Principe
1221 5365 1399 5437 praescripta,
1418 5374 1446 5418 et
1462 5365 1493 5418 iu
1512 5362 1591 5419 modo
1616 5361 1793 5434 procedendi,
1813 5362 1843 5414 in

1075 5447 1175 5520 judicic
1193 5447 1370 5522 obsecranda,
1384 5450 1564 5524 aestimandus
1576 5448 1634 5506 erit.
1648 5447 1773 5522 Quamuis
1786 5465 1847 5506 sero
