4482 6328
667 573 1007 674 ,ntsrttta'tto
1040 569 1252 657 DECIMA
1283 569 1430 652 NONA

1010 754 1038 810 n
1054 751 1079 810 a

511 907 875 1034 uueuuuo
909 899 1582 1034 tuuuututtteuttuta

780 1139 812 1184 o.
836 1137 959 1186 mm·
984 1137 1015 1182 t.
1040 1133 1073 1184 0.
1095 1137 1128 1182 l·
1156 1135 1295 1183 ΜΠ.

872 1287 950 1331 110
978 1281 1214 1332 ΗΗΜΗ

731 1433 1057 1508 FlllDERlCUS
1089 1377 1360 1506 sTnYttltts

835 1605 1046 1666 LENZENS.
1072 1606 1245 1664 mitten.

776 1809 1324 1862 ..ι-ψ·-

1002 2021 1037 2076 D.
1056 2019 1088 2076 Δ.

707 2105 732 2183 t
815 2139 1274 2238 nuenario

254 2371 325 2540 F
325 2475 396 2536 teta
420 2461 558 2534 nonita
580 2459 711 2556 pridem
734 2459 818 2529 milti
842 2470 1005 2555 potestate
1026 2484 1046 2528 a
1069 2457 1121 2528 tta
1172 2460 1243 2530 ilica
1263 2459 1435 2531 Facultate
1450 2463 1614 2547 Juridica‚
1659 2487 1697 2534 ro
1720 2463 1841 2538 Gradu

251 2555 467 2651 disputandi,
490 2553 583 2622 illam
607 2576 687 2648 prae
710 2551 981 2622 aliismateriam
1005 2481 1189 2645 eligentfanm
1211 2553 1345 2643 censui,
1393 2577 1456 2630 uae
1479 2566 1554 2626 tum
1578 2555 1625 2628 ut'
1644 2573 1744 2641 atate,
1768 2569 1841 2624 tum

255 2645 469 2742 praestantia,
493 2643 762 2715 benevolentiam
785 2645 898 2712 Tuam
922 2644 964 2710 L.
989 2640 1030 2711 B.
1058 2643 1122 2711 sihi
1146 2643 1344 2712 conciliaret.
1367 2581 1530 2740 dumque
1548 2644 1718 2737 plurimae
1731 2645 1843 2714 utilis-

160 2805 162 2812 .
254 2741 357 2808 simae
380 2736 506 2830 pariter
527 2759 565 2804 ac
587 2737 889 2829 praestantissimae
911 2736 1071 2802 materiae
1093 2735 1284 2804 catervatim
1307 2759 1342 2804 se
1364 2737 1517 2822 offerent,
1532 2737 1644 2806 tritam
1668 2759 1706 2804 ae
1728 2736 1842 2808 ubivis

252 2831 390 2900 obviam
413 2849 594 2919 recoquere
617 2826 729 2912 noluit
752 2825 808 2893 sed
832 2847 903 2891 eam
928 2827 1137 2916 potissimum
1161 2825 1314 2917 publicae
1336 2827 1545 2902 ventilationi
1560 2827 1761 2898 submittere
1783 2826 1842 2894 de·

252 2920 366 3006 creti,
390 2941 494 3012 quam
519 2919 556 2982 in
580 2915 682 2982 Praxi
706 2915 845 2998 utilem,
868 2911 925 2980 sed
948 2937 1018 2982 non
1045 2914 1160 2984 ubivis
1188 2926 1359 2989 tractatam
1382 2918 1599 2990 adverterem.
1615 2917 1694 3008 Qua
1714 2939 1772 3010 spe
1788 2943 1844 2986 me

254 3009 347 3080 haud
369 3005 585 3076 deturbatum
609 3005 654 3072 iri
676 3004 808 3098 putavi,
831 3005 860 3073 si
883 3003 1050 3074 occasione
1073 3017 1230 3076 textuum
1252 3007 1477 3099 plurimorum
1507 3013 1565 3105 jus
1594 3007 1733 3079 interim
1763 3031 1844 3076 con-

253 3123 387 3172 cessum
415 3099 454 3165 in
482 3095 630 3164 medium
655 3093 882 3190 producerem.
905 3093 1035 3166 Textus
1061 3098 1164 3167 enim
1183 3097 1287 3192 hujus
1313 3101 1400 3194 juris
1426 3103 1636 3174 mentionem
1663 3099 1844 3186 faeieutes,

255 3193 415 3274 collectos,
439 3187 546 3256 multo
569 3189 683 3256 minus
706 3210 777 3257 uno
798 3187 836 3256 in
856 3187 926 3258 loeo
948 3189 1152 3283 explanatus,
1166 3189 1328 3260 hactenus
1343 3193 1455 3264 ridme
1470 3193 1624 3264 nondum
1647 3189 1757 3260 licuit.
1775 3192 1845 3260 Sed

255 3283 340 3352 dum
363 3277 578 3376 prolixiorem
600 3279 681 3350 haee
703 3278 888 3348 desiderare
916 3283 1165 3368 tractationem,
1189 3306 1293 3378 quam
1317 3284 1371 3354 rel
1394 3289 1555 3381 temporis
1578 3285 1664 3352 ratio
1687 3280 1844 3376 indulge-

257 3395 318 3458 ret,
341 3371 394 3443 vel
415 3369 654 3463 disputationis
676 3371 894 3440 Academicae
916 3385 1003 3444 meta
1029 3376 1248 3467 permitteret,
1274 3375 1430 3462 viderem,
1453 3376 1655 3460 mutandum
1678 3373 1745 3442 luit
1767 3397 1847 3443 con·

258 3466 385 3532 silium.
410 3462 460 3530 Ac
482 3486 561 3530 cum
585 3466 638 3555 jus
661 3462 932 3534 interimisticum
956 3466 1024 3557 (sit
1047 3466 1145 3535 venit
1175 3466 1338 3538 vocabulo
1367 3491 1438 3538 rem
1458 3471 1537 3540 satis
1560 3465 1784 3560 exprimenti)
1808 3467 1845 3532 in

257 3577 378 3649 genere
402 3551 648 3624 consideratum
670 3555 796 3646 triplex
818 3555 1030 3648 potissimum
1054 3559 1112 3625 sit:
1136 3557 1260 3654 legale,
1295 3559 1568 3646 conventionale,
1600 3581 1637 3626 ac
1664 3553 1845 3649 judiciale,

259 3669 404 3739 quorum
427 3643 488 3716 hoc
512 3643 616 3739 judex
640 3669 700 3738 per
721 3645 892 3714 dmratum
915 3671 956 3716 ex
978 3661 1066 3719 certa
1089 3672 1188 3718 causa
1204 3651 1345 3718 interim
1360 3651 1529 3740 concedit,
1544 3645 1630 3718 illud
1645 3664 1754 3737 partes
1771 3670 1845 3714 mu-

255 3749 314 3806 tua
339 3738 558 3808 contentione
580 3735 646 3804 sibi
668 3737 815 3806 invicem
839 3737 1048 3831 largiuntur,
1072 3740 1162 3810 istud
1184 3763 1264 3811 tero
1286 3741 1342 3809 lex
1366 3742 1501 3811 interire
1518 3740 1615 3809 certis
1628 3737 1777 3828 personis
1792 3736 1846 3804 in-

256 3828 382 3923 dulget.
408 3827 578 3895 Ultimum
601 3827 737 3912 saltem,
760 3835 815 3923 jus
838 3831 978 3898 interim
1002 3831 1248 3926 consequendi,
1272 3831 1422 3915 modurn,
1446 3825 1666 3914 elaborationi
1689 3825 1751 3894 hac
1773 3827 1846 3895 tice

255 3921 393 4012 seligere
416 3917 551 4008 placuit.
575 3915 751 3986 Materiam
766 3920 849 3987 ideo
871 3942 933 4010 pro
956 3945 1042 3991 nora
1066 3922 1239 3990 venditare
1262 3925 1430 4010 erubesco,
1454 3924 1534 4016 quia
1556 3923 1594 3990 in
1616 3913 1752 4012 judiciis
1776 3940 1847 3984 rua-

257 4013 347 4076 xime
369 4009 581 4103 frequentata
606 4019 666 4075 est.
692 4009 759 4078 Sed
781 4009 862 4080 dum
886 4033 905 4076 a
929 4008 1118 4081 doctoribus
1140 4013 1281 4104 sparsim
1303 4037 1343 4082 ea
1366 4024 1513 4100 tractata,
1528 4011 1564 4080 id
1580 4009 1676 4102 juris,
1700 4006 1794 4101 quod
1809 4009 1847 4074 iu

126 4149 131 4158 -
258 4099 340 4168 savis
362 4121 450 4192 apes,
474 4121 535 4193 ego
555 4099 594 4165 in
619 4099 680 4168 hac
701 4101 926 4194 disputatione
949 4103 1033 4172 mihi
1059 4103 1204 4172 vindico.
1229 4105 1332 4172 Extat
1354 4103 1494 4198 quidem
1517 4103 1621 4172 Petri
1637 4098 1779 4192 Rettff
1801 4097 1846 4164 de

257 4195 428 4260 sententio
448 4189 693 4352 praejudiciali
715 4209 748 4262 et
768 4193 998 4286 proeisicnali
1020 4207 1177 4263 tractatus
1200 4197 1237 4262 in
1260 4197 1498 4273 commentario
1520 4193 1565 4262 ad
1586 4191 1846 4262 consuetudines

257 4284 370 4377 Regni
395 4283 446 4353 Ga
476 4283 539 4368 iae,
561 4281 621 4351 ubi
646 4283 733 4354 hauc
757 4285 928 4354 materiam
951 4287 1115 4379 jamtum
1139 4299 1291 4354 tractasse
1314 4285 1459 4354 videtur.
1477 4283 1544 4352 Sed
1558 4309 1603 4352 ne
1618 4304 1772 4375 praeceps
1789 4281 1846 4345 ni·

257 4378 321 4444 mis
344 4377 381 4443 in
405 4372 585 4470 judicando
609 4375 652 4445 ais
675 4377 716 4445 h
741 4375 782 4444 Β.
807 4377 1017 4447 collationem
1040 4378 1105 4446 tihi
1129 4375 1429 4444 recommendatam
1459 4375 1565 4459 habet
1589 4394 1678 4481 quae
1703 4393 1782 4440 eum
1807 4372 1845 4436 in

258 4469 331 4537 aliis
354 4493 486 4562 parum,
510 4467 546 4531 in
571 4467 646 4536 aliis
668 4467 758 4538 nihil
781 4469 864 4538 mihi
889 4467 1078 4552 contulisse,
1102 4469 1279 4560 probatum
1290 4467 1396 4536 dabit.
1421 4467 1474 4534 De
1498 4467 1684 4560 provisione
1700 4461 1791 4529 enim
1807 4463 1846 4526 in
1948 4513 1951 4522 r

257 4583 334 4626 casu
358 4559 594 4628 alimentorum
619 4559 748 4644 saltem,
763 4585 856 4632 casus
869 4560 1002 4654 aliquot
1022 4559 1225 4654 suppeditat,
1238 4561 1406 4628 occasione
1424 4555 1672 4626 constitutionis
1695 4548 1843 4622 Galliae:

256 4651 293 4716 in
317 4649 371 4716 his
393 4663 506 4720 autem
531 4647 611 4743 ipsis
633 4664 799 4742 quautam
824 4652 988 4743 profuerit
1011 4665 1045 4722 te
1068 4650 1217 4720 edocebit
1240 4649 1376 4743 vulgare
1397 4647 1499 4717 illud:
1522 4647 1656 4718 doctori
1678 4645 1754 4714 sine
1770 4645 1846 4738 lege

256 4757 288 4808 et
312 4744 449 4810 ratione
471 4739 644 4833 loquenti,
669 4765 739 4812 non
761 4741 1157 4814 accommodantem
1184 4743 1299 4836 itaque
1322 4741 1472 4811 consulas
1496 4740 1538 4808 B.
1564 4741 1608 4807 L.
1632 4737 1718 4804 hanc
1740 4735 1845 4804 indu-

256 4833 395 4913 striam,
417 4831 455 4900 in
478 4831 663 4926 colligenda
686 4833 746 4904 hac
769 4836 962 4935 materiaxex
979 4835 1170 4904 notissimis
1193 4834 1406 4928 potissimum
1426 4832 1618 4902 auctoribus
1641 4829 1841 4920 impensam.

256 4924 295 4992 st
317 4943 386 4992 neu
409 4921 475 4990 alia
499 4925 628 4991 ratione
642 4925 779 5008 arridet,
803 4927 878 4995 ideo
897 4943 985 4995 certe
1007 4925 1183 5019 displicere
1197 4949 1240 4993 ne
1266 4925 1330 5010 uit,
1354 4923 1447 5033 quod
1471 4922 1558 4992 nihil
1582 4921 1761 5003 contineat,
1777 4919 1844 4986 nisi

254 5014 347 5111 quod
369 5015 406 5080 in
430 5013 510 5108 ipsis
532 5039 648 5082 rerum
670 5016 801 5086 obtinet
822 5017 1040 5114 argumentis.
1067 5018 1105 5086 si
1129 4950 1339 5086 erravi‘ltinc
1363 5015 1463 5100 rude,
1514 5011 1580 5082 uod
1605 5013 1642 5080 in
1667 5023 1761 5078 tenta
1790 5032 1842 5074 ea·

254 5131 354 5176 auum
376 5105 568 5176 diversitate
591 5121 624 5174 et
647 5109 740 5200 copia
764 5109 859 5177 facile
882 5129 941 5196 est,
965 5109 1183 5178 humanitatis
1207 5132 1332 5178 mernor
1357 5109 1481 5178 existes.
1561 5128 1620 5176 um
1643 5125 1722 5170 tero
1737 5099 1781 5169 Ο.
1797 5095 1842 5165 ll.

254 5213 294 5267 ut
315 5199 417 5265 finem
441 5211 475 5265 et
497 5223 632 5292 scopum
654 5225 695 5267 ex
721 5211 796 5268 roto
819 5221 1014 5298 consequar,
1037 5201 1179 5296 supplex
1203 5200 1312 5269 adoro.

430 5489 537 5602 riqis
555 5535 616 5590 tat.
634 5537 658 5589 r.
