4504 6344
345 475 397 546 607

271 571 348 630 illam
369 571 393 627 si
412 571 570 646 privaveris,
587 587 684 644 parum
701 571 849 626 rollandis
868 570 979 624 restabit
999 571 1040 623 rel

270 659 403 714 utib'tatis.
423 658 500 712 rtet:
518 656 593 712 enim
610 657 773 726 iudiciorum
793 657 980 711 institutorum
999 662 1040 708 est

272 742 364 798 litium
383 739 465 806 finis,
483 751 563 812 atque
580 742 652 799 laune
675 741 819 796 obtinebis·
837 757 988 811 nunquam,
1016 741 1045 792 si

272 827 365 882 asbus
382 828 504 898 legitimo
522 827 552 880 in
569 827 678 896 iudiciis
692 825 773 882 luerit
785 843 947 898 processum.
959 824 1041 878 Ordi-

271 927 335 965 nem
353 921 381 966 nt
397 911 500 982 reliqua
517 910 609 964 omnia
634 909 799 980 efflagitant,
819 911 862 964 ita
882 910 913 962 ia
931 907 1041 978 judiciis

271 995 323 1052 ille
339 997 470 1068 integrm
489 993 604 1050 sbsolrlt
621 1008 764 1068 pennum
784 997 824 1056 sic
836 997 908 1050 enim
924 994 1040 1066 partium

271 1081 549 1150 cummuniter,
569 1082 632 1134 dutn
651 1083 738 1136 actori
763 1081 873 1136 incultas
898 1084 940 1148 jus
964 1095 1040 1132 auum

270 1169 450 1243 prosequendi
469 1185 608 1236 concessa,
628 1185 750 1224 roo-sero
762 1166 965 1223 sedelendendi
979 1181 1041 1218 ense

272 1273 326 1310 non
344 1256 478 1326 denegata.
497 1256 679 1310 'tumultuarii
691 1256 765 1310 enim
779 1270 930 1327 processus,
944 1255 972 1307 in
988 1254 1042 1307 dn·

271 1342 324 1412 plia
342 1357 421 1412 quam
442 1342 561 1396 maxime
580 1341 733 1413 conspicui,
753 1343 801 1397 ris
818 1342 973 1414 applausum
988 1357 1043 1392 me·

273 1427 420 1492 reboatum
439 1427 560 1498 quamvis
578 1427 608 1480 in
627 1426 743 1482 brumen
763 1427 881 1481 nationis
901 1443 962 1480 suae
987 1441 1043 1480 eos-

273 1512 334 1566 dem
353 1513 464 1567 extollat
481 1513 578 1568 litora.
597 1512 735 1568 sebmltns
747 1511 780 1566 de
793 1511 905 1581 qubl.
926 1511 1044 1580 Anglor.

274 1595 325 1652 lid.
343 1607 367 1650 2.
386 1615 407 1652 c.
431 1607 471 1650 12.
490 1607 559 1652 ere.
587 1609 628 1652 11.
656 1597 830 1669 δαρειιιιιιίι
855 1597 963 1668 quidem
992 1611 1044 1648 non
1077 1607 1079 1612 '

274 1681 409 1744 ornanda
428 1675 544 1752 judicia,
568 1699 618 1738 nec
639 1683 736 1738 iisdem
763 1681 925 1737 detinendus
950 1681 1044 1750 juder:

276 1768 360 1820 satius
381 1778 469 1822 temen
487 1778 529 1822 est
547 1769 611 1823 haec
630 1769 701 1834 dici,
719 1787 797 1841 quam
816 1787 869 1822 non
883 1767 937 1821 dici
952 1784 1042 1820 neces·

274 1851 352 1904 seria.
373 1850 517 1906 Preeteres
530 1871 564 1905 an
583 1854 638 1908 sint
650 1871 825 1929 supervacua,
838 1851 895 1905 nisi
906 1869 992 1924 quum-⁴
1001 1869 1046 1904 aa·

276 1933 377 1997 diaria,
395 1935 465 1988 scire
482 1953 535 1989 non
555 1937 643 2006 possis
662 1935 766 1990 Plinius
785 1937 831 1990 tto.
860 1950 883 1989 tt.
911 1937 1000 2008 Episr.
1021 1946 1044 1986 2.

276 2018 357 2088 Quod
375 2019 491 2074 advertit
507 2037 611 2094 quoquc
629 2021 789 2076 Eleutherna
807 2022 879 2094 Papa
898 2019 927 2076 t'n
954 2039 978 2076 c.
1007 2034 1047 2076 tt.

281 2119 372 2158 coms·
390 2115 432 2159 sc.
445 2123 471 2176 p.
486 2103 587 2161 s..dum
600 2105 681 2160 dicit:
694 2105 857 2175 judicantem
872 2117 976 2179 oportet
990 2123 1051 2162 cun·

277 2197 320 2239 cta
339 2187 448 2254 marari,
467 2197 495 2242 et
512 2188 635 2245 ordinem
654 2205 744 2244 rerum
769 2190 849 2261 plena
873 2190 1050 2260 inquisitione

276 2269 416 2327 discutere.
434 2273 494 2328 Non
513 2284 603 2328 tamen
621 2275 670 2328 bac
688 2275 792 2330 ratione
811 2284 850 2329 tot
864 2275 1006 2329 dilationes
1020 2273 1049 2326 in

277 2355 388 2426 judiciis
406 2357 485 2412 etiarn
507 2377 588 2414 caess
601 2377 653 2412 nou
675 2360 780 2430 cognita
794 2361 901 2431 saepius
914 2357 972 2412 clari
986 2359 1050 2414 soli·

279 2449 335 2507 tas,
355 2441 548 2514 approbamus,
574 2441 712 2515 sedqnod
737 2443 770 2498 ad
795 2461 889 2499 cnstsae
914 2444 1045 2512 justitium

276 2525 464 2596 inquirendam
484 2525 572 2582 iacere
590 2530 643 2582 ulls
657 2530 762 2584 ratione
780 2540 884 2600 potest,
904 2529 953 2583 boc
966 2528 1047 2581 mini·

278 2629 322 2665 me
339 2610 527 2681 negligendum
545 2613 750 2676 existimamns3
768 2623 796 2668 et
820 2615 869 2669 boc
892 2624 949 2680 ert,
978 2613 1047 2684 quod

280 2696 329 2750 sub
346 2697 535 2769 compendiosa
554 2697 612 2752 lltis
630 2696 765 2752 decisione
784 2699 949 2753 intellectum
968 2697 1048 2753 soluit

280 2785 355 2838 Zeno
374 2783 444 2854 lmp-
462 2782 491 2836 in
513 2785 545 2836 L.
563 2799 662 2838 omnes
683 2794 723 2834 12.
743 2785 775 2840 C·
794 2784 828 2836 de
839 2785 927 2854 judie.

318 2865 396 2935 Quod
415 2867 439 2920 si
459 2865 487 2918 in
511 2867 622 2935 judiciis
646 2867 707 2922 eliis
732 2867 863 2938 legitimis
885 2866 1045 2941 procedendi

278 2949 373 3006 modus
397 2952 464 3006 adeo
481 2954 661 3019 necessarius,
687 2955 715 3006 in
737 2954 920 3024 dastregarum
945 2973 1053 3025 quoque

789 473 837 528 DE
856 473 1040 530 Processu
1060 471 1342 530 essunt-:urucas

1733 473 1785 529 608

1092 569 1179 626 menti
1188 568 1275 640 finiri
1284 579 1441 641 portentum
1466 570 1494 626 in
1528 571 1777 642 Germanisjbret'.
1807 578 1860 633 Sed

1093 667 1122 710 ut
1141 657 1239 727 alioqui
1259 657 1287 708 in
1303 655 1443 725 judicando
1458 657 1543 712 facilis
1556 668 1597 712 est
1610 657 1742 729 praelatus
1755 674 1856 730 auctor,

1093 745 1294 816 itn=usquerelas
1305 744 1424 796 aliorum·
1433 743 1511 798 tectis
1526 745 1697 812 nominibus,
1712 763 1771 800 suas
1781 749 1858 819 quasi

1093 848 1174 884 stores
1183 839 1210 884 et
1222 829 1324 882 ebaliis
1334 828 1451 883 nondum
1465 829 1674 895 anim-adversas.
1690 831 1726 886 ita
1740 834 1768 886 in
1781 853 1857 906 prue-

1094 919 1168 970 senti·
1181 933 1284 986 quoque
1302 917 1412 969 materia
1425 915 1496 969 idom
1507 915 1660 971 observarit.
1676 917 1775 972 lisdem
1788 921 1862 973 enim
1945 961 1955 982 .

1071 1015 1075 1022 “
1093 999 1185 1056 serbis
1202 1003 1254 1070 jam
1273 1011 1348 1053 autea
1368 999 1414 1054 bas
1433 1011 1523 1056 contra
1550 1019 1703 1074 processum
1719 1003 1861 1078 Austrepa·

1094 1103 1152 1138 rum
1174 1084 1282 1139 dederat
1301 1085 1444 1139 instantias
1463 1087 1517 1139 Du.
1538 1085 1662 1156 Conting·
1689 1087 1803 1142 Ds'ssert.
1829 1089 1863 1143 de

1090 1171 1176 1242 judic.
1191 1175 1288 1242 imper.
1303 1173 1382 1224 Rom.
1391 1173 1458 1224 ties.
1472 1181 1514 1224 st.
1526 1173 1600 1242 cujus
1613 1170 1670 1224 lere
1680 1173 1770 1226 omnis
1785 1173 1864 1228 rerba

1095 1259 1320 1313 abloneamlieno
1339 1257 1384 1312 hic
1404 1269 1523 1324 retenta,
1543 1279 1596 1313 nou
1616 1259 1722 1314 lsutlato
1745 1259 1863 1314 t'onrin·

1095 1345 1147 1415 pio.
1166 1345 1200 1398 lit
1218 1345 1318 1419 similia
1331 1363 1434 1416 quoqne
1447 1344 1529 1400 relect
1541 1343 1631 1398 Limu.
1644 1354 1710 1398 tom.
1729 1345 1761 1398 V.
1776 1343 1863 1398 addit.

1098 1431 1136 1482 sd
1152 1427 1198 1483 tte.
1218 1441 1241 1480 tt.
1263 1430 1326 1482 Jur.
1344 1433 1418 1502 publ.
1437 1451 1460 1498 p.
1483 1450 1518 1482 m.
1541 1439 1600 1484 tto.
1619 1435 1787 1485 Verum-non
1804 1427 1862 1482 suls

1097 1511 1193 1566 ficiunt
1212 1515 1273 1580 ills,
1292 1533 1358 1587 quae
1376 1534 1425 1588 pro
1447 1515 1613 1571 eliminando
1633 1515 1684 1570 hoc
1704 1513 1804 1582 iudicio
1818 1513 1865 1566 ad-

1096 1598 1180 1654 clusit.
1199 1600 1319 1656 Primum
1340 1603 1411 1656 enim
1426 1602 1495 1674 qnod
1515 1613 1601 1672 urget,
1612 1599 1815 1672 appellationem
1830 1597 1864 1652 ab

1100 1685 1235 1752 lustrcpis
1256 1703 1314 1740 esse
1327 1689 1499 1758 permissum,
1514 1687 1543 1740 in
1557 1704 1660 1740 causum
1679 1684 1866 1758 lustr-egaram

1097 1769 1257 1823 indtrrtirnm
1277 1769 1381 1824 directo
1401 1770 1541 1842 impingit:
1559 1769 1608 1822 bac
1622 1767 1776 1821 intentione
1789 1767 1863 1818 enim

1099 1853 1148 1908 huc
1166 1855 1362 1926 privilegiatum
1385 1855 1468 1910 lorum
1482 1855 1674 1919 constitutum,
1688 1863 1745 1905 uta
1760 1860 1866 1904 senten·

1099 1937 1133 1994 tia
1152 1939 1198 1992 bic
1214 1941 1262 1995 lata
1282 1941 1315 1993 ud
1332 1940 1469 1994 Camenam
1495 1939 1628 2011 appellare
1650 1939 1759 2001 liceret,
1785 1945 1812 1988 ct
1831 1949 1865 1988 ne

1101 2025 1229 2097 Princeps
1251 2025 1331 2078 totius
1350 2041 1441 2079 causae
1459 2025 1604 2096 periculum
1627 2021 1782 2076 uni‘deciso
1805 2019 1864 2072 sub·

1101 2109 1210 2164 mittere
1227 2120 1375 2175 teneretur,
1399 2109 1444 2162 snt
1471 2121 1498 2164 ut
1522 2109 1550 2162 bi
1575 2124 1678 2179 quoque
1702 2103 1865 2159 diversarum

1102 2195 1291 2250 instantiarum
1307 2195 1445 2250 commodo
1460 2195 1619 2249 ltuerentur.
1633 2191 1737 2246 Deinde
1749 2190 1771 2244 si
1785 2189 1866 2242 ratio·

1104 2278 1205 2334 oinium
1226 2281 1294 2335 istud
1320 2281 1475 2350 exceptione
1500 2281 1586 2347 majus
1613 2287 1693 2344 esset,
1719 2274 1818 2344 iudicia
1837 2292 1867 2326 e·

1103 2365 1176 2419 mnis
1193 2365 1321 2420 interiora
1340 2365 1481 2437 ellepubl.
1499 2363 1659 2418 eliminanda
1678 2377 1749 2425 esse,
1770 2356 1866 2412 inferri

1101 2451 1161 2504 sine
1176 2451 1243 2504 uitio
1263 2459 1368 2522 posset,
1387 2469 1446 2504 curn
1466 2461 1493 2504 et
1512 2449 1545 2504 ab
1563 2449 1607 2502 bis
1619 2445 1748 2520 appellari
1763 2443 1863 2516 possit,

1080 2533 1171 2604 'quoti
1190 2545 1278 2591 tamen
1298 2537 1356 2590 sinc
1373 2535 1535 2592 absurditate
1553 2549 1669 2590 asserere
1692 2549 1744 2586 nou
1763 2529 1865 2583 liceret.

1101 2621 1262 2691 sumptuum
1282 2621 1489 2690 magnitudinem
1509 2637 1541 2673 es
1561 2617 1639 2672 donis
1664 2629 1687 2672 et
1712 2608 1866 2668 muneribus

1099 2729 1118 2762 e
1132 2707 1301 2778 litigantibus
1320 2708 1462 2778 aliquando
1481 2705 1593 2767 oblatis,
1613 2699 1773 2773 geaemliter
1795 2697 1867 2764 diju-

1101 2793 1190 2847 dicare
1208 2796 1287 2858 selle,
1308 2811 1358 2845 nec
1375 2791 1474 2846 rationi
1494 2789 1631 2853 conuenit,
1643 2805 1692 2840 neo
1704 2783 1775 2854 legi.
1791 2779 1866 2832 Vitia

1098 2878 1259 2948 litigantium
1279 2897 1293 2930 a
1319 2894 1350 2929 re
1371 2873 1430 2946 ipsa
1456 2875 1550 2928 merito
1575 2869 1729 2942 separanda.
1748 2866 1865 2936 Tempus

1099 2961 1246 3016 breviusad
1263 2961 1445 3030 Austregarnm
1461 2975 1614 3031 processum
1628 2951 1746 3026 impendi
1762 2947 1868 3006 solitum

279 3037 338 3091 loro
353 3038 401 3091 ille
419 3037 534 3092 minime
549 3039 731 3108 negligendus.
752 3041 806 3094 llic
832 3039 903 3092 enim
928 3051 957 3094 nt
984 3042 1046 3096 lites
1098 3047 1188 3098 litium
1207 3042 1324 3100 nntttont
1345 3035 1864 3113 noneritimpedimeutociutlicesnu·

280 3121 401 3177 ventilari
419 3124 508 3176 solent
525 3123 671 3192 graviores,
690 3125 725 3177 itu
751 3125 904 3180 accuratiori
929 3125 1045 3196 inquisi-

279 3207 352 3260 tione
369 3225 443 3277 opus
454 3208 566 3262 omniuo
578 3217 628 3260 est.
643 3208 796 3263 Accurrtum
810 3227 871 3264 sero
884 3211 1048 3264 sineordine

1100 3141 1246 3199 streperem
1266 3129 1295 3181 in
1312 3127 1388 3182 unica
1407 3127 1457 3181 lite
1478 3125 1598 3196 occupati
1619 3123 1724 3176 lucilius
1749 3116 1867 3171 lelicins-

1099 3233 1150 3285 que
1169 3215 1199 3267 in
1218 3231 1319 3268 causae·
1330 3211 1455 3282 mysteria
1474 3209 1630 3280 inquirunt:
1644 3205 1714 3280 qnod
1729 3205 1752 3258 si
1768 3221 1815 3255 nec
1829 3201 1873 3252 ita·

280 3293 324 3346 eis
344 3293 459 3347 clabitur.
479 3292 663 3346 Lustrabimus
681 3293 769 3363 itaque
783 3295 915 3365 praesenti
929 3296 1047 3366 dispmta·
1079 3297 1205 3370 *tempor
1222 3296 1370 3360 suffecerit,
1390 3295 1440 3350 hoc
1456 3313 1488 3349 cs
1500 3291 1665 3349 obseruantia
1681 3303 1821 3364 prorogare
1833 3286 1867 3336 li-

281 3375 416 3442 tioneea,
434 3393 500 3446 quae
518 3376 552 3428 ad
571 3393 721 3448 processum
741 3379 769 3430 in
789 3379 846 3434 loro
860 3379 1044 3446 dustrepnrnm
1100 3381 1188 3442 cebit,
1206 3399 1268 3433 nam
1288 3389 1313 3434 et
1328 3381 1397 3432 ultre
1411 3395 1510 3432 asinum
1524 3394 1614 3431 causas
1625 3391 1713 3428 coram
1731 3368 1868 3438 instrepis

281 3459 389 3514 institasi
407 3463 513 3516 solitum
530 3463 872 3534 spectereridelsentur.·Et
885 3467 1047 3519 nectentem
1099 3463 1240 3517 rentilates
1260 3460 1343 3516 luisse
1368 3461 1490 3531 exempla
1516 3466 1656 3515 testantun
1678 3455 1815 3509 Caeterum
1842 3461 1870 3504 et

281 3563 295 3596 a
315 3543 392 3598 uoltis
409 3557 530 3618 expectes
544 3545 795 3614 Benevolelmctor,
815 3551 965 3604 cuonradus
976 3551 1047 3620 eris,

1082 3565 1189 3604 „causas
1208 3545 1377 3616 pravlssimas
1397 3545 1470 3598 intrs'
1486 3543 1549 3598 anni
1569 3537 1871 3614 spetinm‚praesertin¹t

281 3627 315 3681 tle
334 3629 419 3684 tribus
433 3631 603 3702 potissimum
619 3631 748 3686 membris
761 3650 809 3688 nos
822 3633 940 3690 sollcitos
954 3635 983 3689 in
998 3636 1048 3691 boc
1101 3633 1131 3686 in
1144 3633 1202 3686 loro
1217 3631 1403 3701 dustregernm
1424 3627 1566 3684 terminari
1584 3641 1679 3696 posse,
1698 3640 1747 3678 nec
1764 3631 1868 3694 portcn-

281 3717 409 3771 esercitio
428 3717 567 3772 entituros.
586 3719 660 3773 tlte
672 3716 792 3790 judicum
812 3719 840 3773 in
853 3739 976 3790 processu
994 3722 1048 3776 tu·
1079 3767 1083 3776 ,

1080 3817 1085 3824 ’
1103 3805 1155 3858 1ἰιιι
1169 3801 1345 3856 mora-omnis
1359 3799 1479 3874 partibus
1490 3799 1612 3870 legitimo
1623 3809 1743 3869 tempore
1754 3795 1810 3863 iure
1823 3809 1868 3844 sne

281 3809 426 3868 stregarum
446 3800 658 3856 adhibendorum
670 3805 806 3873 qualitate·
818 3805 980 3876 solemnique
990 3825 1048 3861 eos·

1102 3730 1157 3774 tum
1178 3720 1205 3772 in
1225 3719 1369 3772 Germania
1385 3727 1440 3783 est,
1459 3733 1508 3770 nec
1521 3715 1550 3767 in
1563 3716 1621 3784 iure
1639 3708 1806 3765 inauditum:
1821 3725 1868 3776 po-

281 3881 340 3936 dem
355 3885 534 3938 constituendi
549 3887 627 3941 modo
639 3903 688 3958 pro
702 3886 855 3942 diversitate
872 3897 988 3942 statuum
1003 3907 1046 3943 ra-
1102 3903 1162 3943 non‘
1176 3885 1387 3958 proponentibus
1405 3885 1451 3938 bic
1469 3883 1632 3955 imputanda.

281 3966 374 4020 risnts.
393 3969 434 4020 ll:
449 3969 491 4023 De
509 3971 565 4026 illis
580 3987 647 4042 quae
670 3970 820 4024 adeersum
840 3989 977 4042 processus
996 3973 1049 4024 An·
1081 4009 1086 4026 .

284 4059 428 4118 streqsrum
448 4063 568 4123 spectare
589 4055 754 4110 ridebantur.
778 4055 828 4106 lll.
855 4055 896 4108 lle
914 4055 1050 4110 sententis

1138 3969 1233 4026 Sedad
1244 3967 1485 4026 temtuttctcrum
1500 3966 1529 4020 in
1542 3983 1667 4039 processu
1682 3962 1869 4034 dustregarum
1906 3967 1924 4010 t·

1084 4056 1385 4112 ''adbiberisolitorum
1398 4051 1553 4122 qualitatem
1572 4049 1749 4104 lustrabimus
1766 4047 1871 4121 primo,

283 4135 313 4186 in
332 4135 389 4190 loro
411 4135 594 4207 lustregarnm
613 4142 678 4206 lats,
694 4139 974 4211 deappellstione‚et
993 4157 1050 4195 sen-
1102 4151 1163 4214 post
1181 4138 1289 4196 modum
1313 4135 1493 4193 constituendi
1517 4133 1671 4205 subjecturi.
1699 4131 1773 4186 Circa
1793 4131 1878 4184 illam

284 4219 382 4274 trasiae
398 4221 563 4275 esscmione.

1101 4225 1193 4279 statim
1213 4239 1241 4276 se
1258 4221 1338 4277 oll'ert
1355 4231 1522 4276 controversa
1540 4219 1676 4288 quaestion
1702 4235 1735 4271 aa
1761 4213 1868 4286 jndices

320 4301 459 4359 Caesenam
479 4305 724 4360 tre-iunutethnm
738 4305 913 4380 disputationi
927 4309 1054 4378 selegisse
1085 4309 1288 4378 ¹Austregarum
1309 4305 1365 4360 sint
1388 4303 1520 4357 ordinarii
1546 4319 1579 4354 an
1605 4297 1741 4370 delegati?-
1762 4297 1793 4350 ln
1818 4315 1869 4365 qua

285 4387 440 4454 rideamne,
459 4389 566 4460 paucis,
584 4407 617 4443 an
636 4393 785 4446 consultum
805 4391 842 4444 sit
855 4391 932 4462 lleip.
946 4402 1052 4447 nostrae

1101 4393 1253 4465 quaestione
1271 4389 1339 4444 mira
1359 4387 1411 4442 nd.
1436 4401 1524 4457 pugna
1548 4396 1602 4450 est,
1623 4385 1704 4449 adeo,
1724 4393 1754 4436 ut
1777 4399 1870 4452 quam-

285 4476 418 4545 psncessui
437 4474 625 4545 austregarnn
645 4495 736 4531 mussa
757 4478 916 4548 Principum
938 4477 1048 4548 lmpcrii
1101 4471 1386 4545 cumque-sententiam
1405 4467 1531 4539 elegeris,
1551 4483 1671 4537 semper,
1689 4482 1755 4538 quac
1774 4464 1803 4516 in
1823 4481 1869 4516 su·

285 4559 475 4614 committere?
491 4559 735 4632 praemittendum:
755 4558 853 4614 duram
867 4557 906 4612 »de
923 4577 953 4613 co
967 4560 1046 4612 dubi·
1101 4575 1197 4630 spenso
1209 4557 1363 4626 relinquant
1376 4554 1512 4618 animum,
1527 4553 1655 4622 reperies.
1674 4549 1708 4603 Et
1727 4549 1754 4600 id
1768 4565 1869 4602 eoma·

286 4642 357 4696 tandi
377 4645 530 4714 suppeditat
547 4645 627 4698 nabis
646 4643 840 4698 Sescrinusde
857 4641 1049 4697 dlonasmbano
1101 4643 1156 4713 gis,
1174 4659 1235 4696 cum
1254 4641 1337 4694 seriis
1353 4637 1552 4710 quaestionibus
1566 4629 1635 4688 circa
1649 4649 1801 4706 processum
1821 4633 1875 4683 ln:

286 4725 348 4780 Its.
365 4723 401 4778 tle·
416 4728 487 4780 ctat.
505 4730 605 4799 Isaper.
631 4729 762 4782 Gemum.
781 4747 804 4782 c.
826 4741 849 4783 s·
868 4726 891 4800 §-
914 4740 953 4782 ts.
975 4727 1050 4794 cssjus
1100 4739 1247 4798 stregarnm
1267 4725 1477 4780 morrei-solitis
1495 4723 1557 4778 inde
1576 4722 1712 4791 continget
1731 4718 1868 4794 praeludi-

285 4807 529 4862 rerbalsscrelerre
541 4811 623 4865 lubet:
636 4813 816 4868 comitentur
827 4811 1051 4881 Aristrrgaslsuec
1103 4809 1451 4884 cium.0piniocomsnunis
1464 4817 1567 4880 recepte
1581 4806 1728 4862 acdeleusa
1737 4825 1751 4859 a
1761 4805 1832 4858 Gall.
1848 4809 1867 4858 1.

287 4894 478 4960 inmemores,
497 4897 571 4967 quod
584 4895 620 4951 ala
632 4895 689 4950 iilis
698 4899 844 4966 provocari
855 4899 984 4969 peccand
1000 4899 1065 4952 eo·

1108 4908 1128 4951 t.
1152 4897 1185 4950 0.
1208 4909 1231 4949 1.
1251 4915 1281 4950 nt
1302 4907 1342 4949 12.
1362 4895 1458 4950 lllattb.
1475 4894 1571 4966 steph.
1589 4893 1621 4946 tle
1642 4891 1748 4947 Jun‘sd.
1768 4889 1785 4942 l.
1806 4902 1830 4944 2.
1843 4911 1868 4959 p.

288 4996 392 5034 meram
411 4990 437 5034 et
443 4979 582 5052 judicium
593 4979 729 5046 saliem,
744 4987 867 5054 adeoque
875 5001 981 5056 paucas
992 4982 1052 5036 lites
1105 4995 1127 5037 t.
1146 4999 1170 5036 c.
1191 4995 1215 5034 a.
1235 4981 1344 5034 membr.
1365 4991 1388 5034 t.
1408 4999 1436 5034 n.
1456 4988 1497 5031 ts.
1519 4978 1615 5034 lleinl.
1635 4977 1668 5032 de
1686 4993 1739 5046 reg.
1759 4979 1816 5030 Sec.
1844 4987 1871 5029 et

287 5064 494 5139 mifiricum,
513 5067 621 5142 preodpf
636 5068 719 5121 mulsi
730 5069 1049 5142 sumptassrpas'rcntur‚
1104 5067 1179 5121 sect.
1196 5065 1216 5119 l.
1237 5077 1260 5118 2.
1278 5065 1360 5121 class.
1374 5075 1399 5118 2.
1411 5081 1436 5117 c.·
1450 5077 1492 5118 11.
1507 5081 1534 5117 rr.
1553 5076 1597 5118 2ο.
1615 5061 1733 5134 Leipold.
1753 5063 1786 5115 de
1799 5077 1868 5114 con-

286 5152 351 5208 dam
377 5153 536 5208 maneribus
560 5152 733 5209 remanendi
761 5153 887 5225 lauteque
915 5153 1055 5210 cremaret
1102 5161 1219 5209 canent.
1234 5153 1342 5208 Jnrs'sd.
1355 5152 1428 5224 apud
1437 5153 1537 5206 Aram.
1550 5149 1585 5202 sle
1603 5151 1624 5204 t.
1644 5151 1681 5203 Ρ.
1699 5147 1756 5200 vol.
1780 5143 1874 5198 11)ιύ

289 5237 478 5294 Commisssrii
484 5237 648 5310 Principum
658 5236 834 5293 arlslrorum.
844 5237 1052 5312 Accedel,·qnod
1069 5247 1072 5254 ’
1102 5254 1185 5293 roure.
1208 5247 1249 5290 tt.
1271 5239 1311 5305 Q:
1326 5248 1366 5288 ts.
1387 5235 1545 5290 Paurmeist.
1563 5235 1596 5289 de
1608 5232 1708 5305 jurisd.
1729 5231 1776 5284 lib.
1803 5242 1826 5282 2.
1847 5251 1868 5283 e.

288 5333 414 5377 semestre
427 5333 476 5378 aut
493 5341 619 5380 annuum
637 5323 756 5394 spatium
769 5323 806 5376 sit
819 5322 998 5396 praefinitum
1005 5323 1051 5394 jn·
1106 5335 1129 5378 t.
1147 5343 1177 5378 n.
1202 5335 1259 5378 tttt.
1278 5319 1400 5377 videlicet
1420 5319 1523 5390 judices
1543 5317 1729 5387 Austregartun
1754 5333 1806 5368 non
1825 5333 1870 5366 οι-Δ

290 5405 361 5460 dieto
381 5407 673 5482 Austreporssmintra
691 5409 766 5481 quod
776 5407 848 5463 litem
863 5409 979 5478 majoris
995 5427 1052 5462 rao·
1104 5408 1257 5472 (lineriaco,
1281 5405 1328 5462 setl
1353 5403 1497 5478 delegatam
1523 5401 1621 5456 babere
1643 5399 1877 5470 jurisdictionem·
