4456 6332
943 197 984 238 αὖ(
1022 202 1045 242 '⁸¹¹

945 241 977 290 ‚el
1021 273 1025 280 .

326 539 397 596 tcop

248 619 410 678 Praestutio
428 619 476 675 des
493 619 681 677 llaueltltulant
697 637 735 673 an
748 628 775 674 et
785 635 871 691 quare
887 617 1018 676 indicium

262 747 267 752 -
285 711 357 763 meri
371 707 480 778 imperii
495 706 553 762 sit?
571 726 601 760 ιι.
621 718 664 762 ιι.
680 720 753 779 seqq.

249 791 413 850 Constitutio
430 789 568 845 marcltica
584 806 635 858 pro
655 787 840 860 affimativa.
859 805 887 841 n.
907 801 950 844 oo.

249 875 433 946 Approiatur
448 870 641 947 affirmativa,
661 882 688 927 et
707 873 888 944 respondetur
903 883 1017 930 contra·

286 956 345 1012 siit.
364 977 393 1012 ιι.
413 971 455 1013 tt.
473 974 528 1028 seq.

245 1039 392 1114 Beneficio
409 1053 437 1097 et
452 1041 633 1098 moestituroe
645 1049 744 1097 contra
754 1039 947 1098 concedentem
961 1041 1017 1100 late

284 1125 501 1197 interpretanda.
519 1141 547 1176 ιι.
569 1133 610 1176 41.
628 1140 684 1195 sep.

247 1211 313 1266 lion
335 1209 486 1264 turbantur
502 1208 714 1280 jurisdictiones
736 1226 789 1281 per
811 1207 1016 1284 affirmativum

281 1295 456 1350 sonnatium.
475 1311 504 1346 ιι.
525 1302 567 1346 44.
594 1361 597 1368 ¹

247 1381 297 1454 'Aa
313 1385 365 1449 'per
380 1396 485 1432 merum
510 1375 659 1448 Imperium
676 1376 880 1448 circumseptum
900 1379 1016 1450 iurisdi-

280 1463 400 1519 ctionem
418 1462 533 1516 habenti
557 1477 734 1528 concessum,
752 1478 826 1516 ttnsa
851 1459 1017 1536 aufugiendi

259 1585 263 1592 -
281 1546 337 1601 reis
352 1546 544 1618 suppeditetur.
562 1565 591 1599 n.
613 1556 656 1600 44.
673 1562 745 1618 seqq.

245 1631 363 1688 adn-sul
381 1629 476 1687 aliena
487 1630 684 1700 jurisditione
705 1633 836 1706 persequi
852 1632 1012 1708 delinquen·

276 1728 335 1772 tem
352 1719 422 1772 licet.
442 1737 470 1770 n.
492 1726 534 1769 tt.
551 1732 606 1786 sep.

245 1803 344 1858 ,Etiam
361 1804 390 1858 in
407 1799 573 1872 particulari
594 1799 710 1873 pratdio
734 1817 839 1856 merum
865 1803 1011 1874 imperium

284 1886 384 1942 leuiori
395 1895 493 1953 potest.
510 1903 538 1938 ιι.
558 1898 601 1938 ιι.
620 1901 694 1956 seqq.

251 1973 395 2043 Quomodo
412 1968 586 2024 caecutio-in
605 1967 798 2024 criminalibus
809 1966 871 2037 fiat
891 1970 927 2023 ab
945 1971 1009 2036 itta,

280 2057 328 2130 qui
342 2057 547 2126 circumseptam
559 2053 783 2124 jurisdictionem
809 2053 898 2108 ltalet.
918 2073 946 2108 n.
967 2066 1010 2108 ts.

279 2161 335 2215 sep.

245 2233 294 2286 An
312 2249 363 2299 per
379 2230 457 2284 aiam
473 2229 610 2299 publicam
633 2231 732 2284 ducere
758 2227 958 2301 delinquentem
976 2229 1011 2282 li-

279 2325 347 2368 ceot.
367 2334 396 2369 n.
415 2328 456 2368 tt.
476 2333 531 2388 sep.
782 2325 786 2334 ‘

241 2399 335 2453 Hodie
352 2399 396 2454 nie
414 2399 590 2455 denunciatio
610 2401 777 2454 necessaria.
796 2417 826 2453 ns
847 2411 891 2452 tt.

243 2485 280 2538 In
297 2501 367 2556 agro
387 2485 571 2559 delinquentis
593 2505 650 2541 ιιοιι
671 2497 765 2558 potest
786 2485 837 2543 ltoc
859 2503 926 2543 catu
938 2488 1013 2560 fieri

277 2569 460 2624 execution.
482 2583 524 2623 ot.
577 2587 581 2594 ·

242 2653 385 2709 Jurudict.
403 2653 609 2726 circumseptum
627 2655 745 2723 labens,
766 2673 817 2728 per
835 2658 923 2714 alium
940 2677 1009 2712 ene·

277 2737 327 2808 qui
340 2746 432 2806 potest
446 2739 615 2807 supplicium.
635 2760 665 2792 ιι.
684 2753 726 2792 cs.

249 2824 321 2890 Quid
338 2823 368 2876 in
386 2823 577 2895 relegatione?
596 2843 623 2877 n.
644 2837 686 2877 ts.

241 2910 374 2964 Potestas
388 2909 543 2978 patibulum
561 2909 685 2978 erigendi
700 2909 747 2963 cui
761 2919 904 2979 competat.
923 2926 952 2961 ιι.
967 2919 1009 2960 ct.

242 2997 292 3045 An
308 2991 434 3060 praecise
451 2993 480 3046 in
499 2994 561 3048 loco
577 2993 714 3064 puletico?
732 3013 759 3046 n.
782 3003 824 3048 ct.

245 3079 385 3145 (tuomum
404 3076 508 3135 distare
526 3079 625 3134 debeat
639 3079 792 3150 patibulum
815 3079 850 3136 ab
876 3098 943 3154 agro
963 3079 1010 3135 cic.

278 3180 306 3215 n.
328 3174 369 3216 dd·

246 3251 390 3318 Quaenam
410 3247 568 3302 constitutio
592 3247 734 3304 maronica
757 3247 787 3304 in
817 3231 878 3302 ltoc⁰
893 3247 1010 3304 materia

273 3338 310 3390 sit
327 3335 477 3390 retinendo.
496 3353 525 3410 u.
545 3344 588 3386 tt.
618 3361 622 3368 ·

239 3439 314 3558 Uti
330 3507 361 3558 in
378 3524 473 3576 genere
491 3504 690 3576 iurisdictionis
704 3503 879 3574 potissimum
894 3507 964 3559 ratio
979 3505 1009 3558 iu

237 3591 332 3646 effectu
350 3593 487 3656 consistit,
500 3609 579 3662 quem
593 3589 722 3644 Germani
740 3589 918 3661 exprimimus
935 3605 1009 3644 com-

238 3679 357 3732 muniter
375 3678 428 3731 den
448 3675 708 3744 Gericlits-Zmang,
722 3675 793 3727 hunc
811 3673 934 3728 ellectum
948 3691 1009 3729 seso

236 3765 336 3819 habere
353 3771 481 3836 nequeat,
501 3763 525 3815 si
549 3778 658 3816 causas
682 3759 871 3828 jurisdictione
894 3761 1007 3828 alicujus

239 3861 366 3922 exceptio,
385 3858 523 3920 eapropter
541 3848 612 3902 circa
626 3845 845 3918 jurisdictionem
863 3844 1007 3900 circumse-

235 3946 311 4005 ptam
336 3951 415 4006 quam
440 3933 557 3988 maxime
582 3929 819 4002 distinguendum,
846 3929 918 3983 eirca
942 3946 1007 4000 quas

237 4037 326 4076 causas
341 4018 499 4074 decidendas
513 4017 604 4072 cadem
621 4025 762 4088 occupatas
776 4014 898 4087 sequenti
915 4015 1006 4086 capite

239 4106 400 4176 subjecturi,
418 4109 496 4176 quem
516 4103 637 4157 ellectum
656 4102 799 4165 comiatum
819 4115 911 4153 caune
928 4103 1005 4172 ipsae

235 4195 276 4246 scl
294 4191 386 4246 civiles
399 4198 471 4242 sunt:
482 4189 524 4243 vel
535 4185 698 4242 criminales.
714 4185 753 4238 Dc
767 4184 895 4239 ciuilibus
914 4185 1004 4237 minor

236 4276 370 4331 dubitatio
394 4274 452 4340 eit,
469 4273 518 4326 ltas
535 4273 569 4326 ab
586 4270 698 4324 habente
714 4267 930 4338 jurisdictionem
949 4267 1003 4320 cir·

233 4370 398 4434 cumseptam
422 4358 544 4429 cognosci
566 4375 598 4411 ac
617 4353 762 4423 dijudicari
781 4369 867 4424 poste.
890 4352 959 4406 Nam
977 4359 1003 4406 et

234 4447 306 4518 apud
324 4447 442 4502 Saxones
462 4445 502 4510 is,
515 4443 563 4513 qui
581 4444 677 4496 saltem
696 4441 777 4495 habet
794 4441 899 4495 bassam
918 4437 1001 4503 iuris·

230 4532 377 4587 dictionem
397 4531 453 4584 site
471 4529 516 4584 die
534 4526 782 4590 Unter-Gericltte,
796 4524 944 4580 iacultatero
960 4541 1002 4576 co·

234 4616 382 4686 gnosceudi
404 4615 500 4670 ciuiles
526 4630 614 4668 causat
633 4613 730 4677 habet,
747 4627 802 4664 non
828 4611 922 4665 saltem
947 4625 1000 4680 qua

231 4703 384 4772 simplicem
410 4699 607 4772 cognitionem,
627 4695 674 4751 sed
693 4706 721 4750 et
742 4711 791 4766 qna
811 4693 999 4749 coircitionern

233 4803 280 4839 scu
293 4787 410 4839 tuixtutu
423 4783 572 4857 lmp'eriuru
583 4783 708 4853 Carpant.
721 4783 772 4836 Pr.
785 4777 902 4836 Crimin.
917 4782 999 4834 Part.

236 4887 261 4926 t.
278 4893 323 4945 qu·
346 4882 405 4926 tot.
425 4890 453 4925 ιι.
475 4881 516 4924 te.
536 4870 609 4922 Hinc
628 4869 692 4922 haec
709 4863 826 4920 inierint
844 4863 998 4932 jurisdictio

229 4959 298 5013 alibi
308 4955 632 5030 vocaturum-certeco
646 4955 713 5006 tiber
728 4952 795 5006 Gult
812 4949 870 5004 und
882 4946 996 5015 senate,

228 5049 298 5099 aliis¹
313 5045 359 5100 die
382 5039 555 5112 chteyliclte
581 5037 736 5109 Obrigieit,
753 5049 911 5106 quamquam
933 5031 998 5086 haec

208 5161 211 5170 ι
229 5129 370 5186 interdum
383 5127 482 5189 latius,
500 5127 639 5178 interdum
657 5120 779 5176 strictius
798 5119 934 5191 capiatur,
946 5133 998 5187 quo

228 5237 289 5272 casn
301 5215 481 5288 distinguitur
491 5214 519 5266 in
538 5211 748 5279 linter-Vogter
759 5219 783 5264 et
793 5209 876 5262 Oler-
882 5209 996 5276 Vogtey,

228 5305 301 5358 Paul.
326 5303 420 5357 mach.
438 5301 576 5357 Wehnet.
606 5294 830 5350 obserabant.
848 5292 907 5348 sul.
933 5308 995 5348 voc.

177 5401 191 5443 4
236 5393 351 5462 Vogtey:
366 5398 393 5442 et
405 5388 455 5441 hoc
472 5387 559 5456 ipsum
569 5380 656 5435 hicio
670 5375 790 5430 Moschis
804 5387 875 5430 extra
888 5391 996 5430 omnem

229 5473 421 5529 dubitationem
440 5473 577 5542 positum:
591 5483 652 5522 uam
671 5465 696 5518 si
713 5474 739 5518 et
755 5459 849 5516 ciuiles
866 5476 996 5516 antaee-

297 5561 403 5630 dtrplii
423 5561 484 5618 Vol.
502 5561 525 5614 1.

660 521 710 578 ou
727 518 869 577 omncs.
888 519 1087 580 marcoten.
1105 519 1351 594 ctucnusttor,
1371 519 1436 582 uc.

1694 546 1763 586 toto

1067 619 1211 674 tituendae
1228 630 1319 676 estuat
1329 619 1363 676 ab
1381 621 1431 677 hac
1443 619 1647 692 jurisdictione,
1660 623 1726 698 quid
1745 627 1837 684 subes-

1067 714 1106 758 set
1123 703 1239 773 amplius
1252 721 1302 774 per
1319 704 1390 760 hauc
1406 705 1621 775 jurisdictionem
1640 707 1834 782 decidendum,

1067 795 1095 840 et
1112 787 1189 843 latina
1206 799 1295 860 patere
1312 787 1344 842 iu
1366 791 1489 846 otaschia-
1502 793 1546 848 die
1577 796 1703 850 Gericltte
1728 797 1834 856 bistnen

1068 871 1178 936 Zauns,
1195 889 1275 943 qoam
1294 873 1364 944 apud
1382 875 1500 930 Saxones
1526 878 1584 932 die·
1597 883 1836 940 Unus-dedeina

1065 963 1139 1025 patet
1155 971 1188 1008 cx
1206 957 1279 1024 illia,
1292 976 1359 1030 quae
1376 959 1486 1015 adducit
1502 961 1641 1035 Sciteplia,
1656 967 1696 1022 ud
1712 981 1835 1025 campet.

1065 1039 1226 1094 Brundeni.
1251 1043 1288 1096 P.
1308 1055 1332 1096 s.
1350 1043 1392 1096 tit.
1419 1058 1443 1100 4.
1460 1064 1504 1116 pu.
1526 1059 1551 1101 s.
1577 1066 1605 1102 ιι.
1633 1061 1676 1102 tt.
1703 1067 1760 1124 teq.
1779 1055 1834 1109 Du.

1066 1121 1205 1179 Rooted
1224 1123 1445 1182 Cunculiana.
1465 1148 1510 1200 pu·
1531 1139 1573 1183 ιο.
1591 1149 1622 1185 ιι.
1645 1142 1688 1184 ts.

1102 1209 1163 1262 Sola
1175 1207 1304 1265 dubitatio
1322 1211 1416 1266 tubam
1427 1212 1461 1266 dc
1473 1231 1547 1268 auaro
1560 1214 1678 1288 irnperio
1695 1227 1724 1271 at
1739 1218 1834 1274 crinsi-

1064 1292 1120 1354 nali
1141 1295 1346 1363 jurisdictione,
1362 1315 1398 1350 en
1419 1297 1467 1352 illa
1490 1299 1540 1352 aula
1565 1301 1750 1374 circumsepta
1768 1323 1833 1360 con-

1065 1377 1191 1431 tiueatur.
1211 1379 1242 1432 Si
1260 1379 1294 1433 ad
1311 1382 1524 1438 constitutionem
1545 1384 1619 1438 illum
1639 1385 1669 1440 iis
1687 1404 1710 1440 c.
1723 1397 1748 1438 t.
1761 1407 1789 1441 ιι.
1810 1400 1836 1441 t.

1062 1460 1171 1514 relatam
1195 1461 1508 1536 confugiamus„parata
1533 1468 1590 1522 erit
1619 1467 1737 1536 decisio,
1762 1470 1836 1540 quod

1062 1544 1121 1598 scil.
1140 1555 1168 1599 et
1186 1564 1290 1600 mamm
1302 1549 1342 1602 sel
1356 1551 1478 1621 superior
1488 1553 1644 1622 jurisdictio
1655 1567 1760 1626 quoque
1770 1571 1835 1610 con·

1063 1629 1187 1686 tineatur.
1206 1633 1295 1688 Verba
1313 1635 1436 1706 expedita
1460 1647 1535 1690 auntz
1554 1641 1624 1694 Atso
1643 1639 1740 1696 ranae
1758 1643 1831 1696 auclt

1061 1715 1110 1770 der
1126 1720 1202 1772 Hert·
1218 1717 1266 1772 des
1282 1720 1385 1790 Hqfiss,
1405 1738 1463 1776 tuas
1481 1722 1511 1775 in
1529 1721 1676 1778 denselien
1697 1743 1735 1778 an
1752 1725 1831 1795 pein-

1060 1798 1150 1855 licltan
1159 1802 1218 1856 und
1227 1802 1398 1859 brtlelaliclten
1409 1805 1518 1860 sacten
1531 1807 1588 1861 sicle
1602 1819 1747 1878 sutraeget.
1756 1811 1831 1881 Quae

1059 1883 1120 1953 ipss
1136 1885 1214 1940 rerba
1233 1905 1286 1942 non
1305 1899 1429 1960 putamus
1453 1890 1643 1961 intelligenda,
1661 1891 1696 1947 de
1712 1893 1830 1964 inquisi-

1060 1969 1133 2022 tione
1143 1971 1172 2024 iu
1187 1971 1285 2025 delicta
1298 1973 1406 2042 Ιιιίοιις
1414 1973 1443 2027 Ε.
1451 1974 1577 2030 G.Haar
1587 1973 1711 2046 rauffen,
1719 1979 1831 2034 Sellae-

1058 2068 1093 2118 ge
1109 2055 1153 2104 die
1167 2055 1245 2108 nictu
1255 2057 1372 2110 toedlicls
1384 2057 1463 2124 sind,
1476 2059 1548 2113 noclt
1563 2058 1686 2115 laemide
1698 2061 1830 2132 oringen,

1060 2137 1164 2190 claraus
1182 2155 1220 2189 aa
1237 2139 1352 2193 claleine
1376 2143 1482 2197 Wunde
1500 2143 1570 2196 wind
1576 2179 1584 2208 ,
1603 2143 1646 2198 als
1665 2145 1754 2198 braun
1776 2145 1834 2200 und

1060 2221 1143 2284 blau,
1163 2221 1352 2288 dictantium,
1366 2227 1566 2282 diaulscltellen
1574 2265 1584 2293 ,
1598 2230 1773 2288 Zalenoluien
1780 2271 1790 2303 ,
1799 2250 1832 2286 so

1060 2303 1105 2360 die
1124 2303 1200 2356 nicltt
1217 2304 1352 2370 maelein,
1372 2307 1435 2362 item
1460 2312 1647 2382 Messercttge,
1666 2333 1744 2370 manu
1771 2319 1832 2370 ηερ.

1060 2392 1147 2447 mand
1158 2389 1279 2445 dadumlt
1293 2391 1479 2465 lescltaediget
1497 2396 1580 2467 wicel,
1599 2418 1666 2470 quae
1685 2401 1744 2472 ipsa
1762 2402 1832 2454 deli·

1059 2486 1101 2530 cta
1119 2477 1197 2532 etiam
1216 2479 1274 2544 jure
1289 2475 1424 2530 Saxonum
1443 2479 1477 2530 ab
1494 2497 1525 2535 ao
1543 2481 1676 2537 uindicari
1696 2497 1825 2556 possunt,

1058 2563 1104 2634 qui
1130 2563 1233 2616 bassam
1259 2561 1476 2630 jurisdictionem
1502 2564 1597 2632 habet,
1617 2565 1712 2636 Carpe.
1736 2569 1762 2621 d.
1785 2588 1830 2639 qu.

1063 2660 1121 2702 toa.
1141 2665 1170 2700 n.
1185 2658 1228 2700 aa.
1247 2655 1273 2698 et
1295 2657 1336 2700 tt.
1357 2645 1411 2700 Sed
1428 2647 1578 2714 generalius
1595 2665 1646 2718 pto
1663 2651 1721 2719 ipsa
1739 2652 1824 2722 juria-

1060 2730 1176 2784 dictiona
1199 2729 1337 2783 criminali
1355 2730 1437 2782 etiam
1461 2729 1491 2782 iu
1515 2730 1698 2800 gratioribus,
1717 2742 1745 2786 et
1759 2751 1830 2806 ¹quta

1058 2813 1218 2882 regulariter
1238 2813 1301 2866 huic
1319 2813 1469 2881 conjuncta.

1096 2895 1148 2951 Sed
1160 2896 1223 2968 quia
1232 2896 1304 2950 dicta
1317 2895 1472 2952 constitutio
1484 2895 1761 2970 Marcbieapublicuta
1773 2913 1830 2952 nou
1867 2911 1882 2951 t

1061 2978 1130 3044 luit,
1150 2989 1178 3032 et
1196 2978 1235 3033 ita
1253 2978 1396 3034 infallibili
1412 2990 1570 3050 argumento
1588 2979 1654 3035 iude
1668 2979 1756 3034 decidi
1769 2996 1832 3036 oca·

1062 3065 1189 3119 troversia
1207 3061 1273 3120 hacc
1285 3083 1339 3118 nou
1353 3073 1454 3136 pateus
1469 3065 1588 3120 ntionea
1599 3066 1632 3120 ab
1647 3075 1759 3137 utraque
1772 3085 1833 3138 par·

1059 3158 1087 3202 te
1103 3148 1134 3202 iu
1151 3147 1273 3203 taedium
1290 3148 1489 3220 producendae,
1501 3161 1530 3206 ut
1548 3147 1627 3216 inde,
1639 3167 1706 3219 quae
1726 3150 1827 3221 proba·

1059 3234 1142 3290 bilior
1161 3233 1294 3288 sententia
1313 3236 1498 3299 ait,constare
1515 3235 1610 3306 possit.
1631 3235 1685 3288 Pro
1702 3235 1827 3306 negativa

1059 3320 1204 3392 opinione,
1218 3319 1277 3372 scil.
1289 3317 1458 3374 criminalem
1477 3319 1692 3390 jurisdictionem
1712 3319 1760 3374 sub
1773 3318 1828 3372 cic-

1059 3413 1196 3474 cumsepta
1214 3417 1268 3457 nou
1287 3401 1436 3468 contineri,
1449 3403 1514 3456 hacc
1526 3402 1555 3454 iu
1575 3401 1693 3456 medium
1713 3399 1829 3472 proiecti

1058 3499 1180 3563 possunt.
1203 3501 1226 3544 1.
1241 3487 1321 3558 Quod
1332 3486 1378 3557 qui
1390 3485 1606 3556 jurisdictionem
1617 3486 1822 3555 circumseptam
1862 3498 1875 3538 t

1059 3575 1153 3640 habet,
1166 3572 1308 3629 investitus
1322 3571 1416 3624 saltem
1430 3569 1463 3623 sit
1475 3587 1533 3626 cum
1547 3569 1751 3640 jurisdictione;
1765 3571 1831 3626 dass
1906 3621 1909 3626 .

1057 3662 1104 3715 itin
1121 3659 1171 3714 der
1186 3655 1265 3729 Hoff
1275 3655 1326 3712 mit
1349 3655 1402 3710 den
1436 3653 1584 3710 tiericltten
1610 3654 1752 3709 verlieleu
1779 3653 1828 3708 ist.-

1058 3748 1120 3800 lam
1137 3760 1200 3798 sero
1218 3750 1324 3812 recepta
1349 3738 1401 3792 Dd.
1419 3738 1552 3792 nutantia
1577 3736 1700 3803 videtum
1719 3735 1744 3788 si
1763 3737 1825 3804 quis

1058 3829 1220 3901 simplicitet
1242 3843 1304 3882 coru
1321 3821 1514 3895 jurisdictione
1536 3821 1679 3874 investitus
1705 3819 1755 3872 mit
1772 3821 1826 3873 den

1062 3914 1225 3978 Gericlttan,
1242 3910 1313 3984 quod
1329 3925 1435 3962 merum
1453 3905 1598 3978 imperium
1617 3920 1671 3958 non
1689 3903 1825 3958 contiuea-

1055 4007 1114 4067 lus,
1126 4000 1175 4054 sed
1190 3997 1283 4050 saltem
1295 3991 1452 4063 Jurtsdsctto
1464 3989 1580 4043 tulerint
1592 3987 1689 4044 matth.
1703 3987 1826 4059 Stephon

1054 4086 1088 4142 de
1099 4083 1200 4155 jurisd.
1217 4083 1237 4133 l.
1258 4089 1282 4134 t.
1301 4079 1383 4132 Part·
1406 4088 1430 4128 t.
1448 4093 1472 4128 c.
1493 4085 1517 4128 t·
1542 4073 1658 4130 dicarit.
1678 4083 1702 4126 t.
1722 4093 1741 4127 ιι
1765 4083 1823 4130 tto.

1053 4173 1111 4225 lac.
1128 4163 1253 4222 Menoch.
1271 4163 1304 4216 de
1319 4169 1487 4233 praesumpt.
1500 4159 1518 4211 l.
1542 4171 1565 4213 t.
1576 4175 1664 4230 praes.
1679 4169 1721 4210 st.
1735 4175 1766 4222 ιι.Ι
1781 4167 1826 4210 ιι.

1053 4275 1124 4327 seqq.
1143 4255 1197 4307 llo.
1218 4253 1309 4306 Strus.
1322 4253 1465 4322 syntagm.
1478 4248 1542 4304 Jur.
1556 4243 1616 4301 otc.
1631 4244 1734 4298 Exere.
1750 4253 1772 4296 4.
1786 4243 1824 4296 tlt.

1055 4356 1097 4398 tto.
1116 4341 1146 4396 in
1164 4343 1314 4409 d'yntagm.
1334 4333 1452 4390 Fettdal.
1470 4349 1493 4388 c.
1514 4345 1538 4386 t.
1556 4330 1666 4400 Apltor.
1689 4341 1731 4382 tt.
1750 4347 1779 4382 ιι.
1799 4339 1824 4380 4.

1088 4437 1113 4478 t.
1132 4423 1204 4496 Quia
1216 4437 1321 4474 merum
1334 4417 1479 4490 imperium
1490 4415 1597 4471 nemini
1608 4413 1751 4484 competit,
1765 4412 1821 4468 uisi
1858 4426 1871 4469 t

1051 4515 1095 4570 cni
1115 4511 1143 4566 id
1161 4512 1193 4566 iu
1212 4499 1303 4582 specie
1321 4521 1491 4569 concauam,
1502 4503 1544 4558 sel
1560 4504 1633 4572 lege,
1653 4502 1694 4556 sel
1713 4507 1819 4554 senatus

1049 4597 1184 4663 consulto,
1204 4594 1245 4648 sel
1264 4587 1453 4648 constitutione
1472 4586 1639 4658 Principum.
1658 4583 1677 4636 l.
1696 4594 1718 4636 t.
1727 4579 1772 4654 ff.
1790 4583 1823 4636 de

1048 4682 1127 4758 offic.
1142 4681 1200 4753 ejus
1213 4680 1260 4734 cui
1269 4675 1363 4732 mund.
1375 4685 1415 4729 est
1420 4671 1520 4743 iusisd.
1539 4669 1614 4741 atqui
1633 4677 1757 4722 neutrum
1775 4683 1822 4738 ap-

1049 4777 1126 4839 paret
1143 4767 1174 4820 in
1192 4761 1385 4835 jurisdictione
1403 4757 1597 4828 circumsepta,
1617 4751 1776 4824 simpliciter
1794 4768 1822 4804 e-

1049 4855 1107 4908 nim
1126 4849 1279 4921 jurisdictio
1291 4846 1386 4901 saltem
1400 4857 1524 4898 concessa
1532 4877 1540 4908 ,
1554 4854 1603 4893 neo
1616 4837 1669 4892 ulla
1682 4837 1750 4892 sueri
1764 4836 1818 4888 itu·

1046 4939 1119 5013 perii
1137 4935 1241 4992 montio
1261 4931 1337 4988 lacte.

1084 5037 1108 5079 ι.
1122 5024 1236 5095 Insuper
1249 5017 1328 5074 etiam
1339 5011 1482 5088 privilegia
1494 5011 1588 5068 stricte
1602 5001 1798 5078 interpretanda
1806 5041 1815 5070 ,
1856 5015 1869 5055 o

1048 5127 1098 5163 nec
1115 5103 1283 5162 extendenda
1302 5101 1434 5167 ulterius,
1447 5098 1504 5154 niti
1519 5096 1686 5165 inquantum
1700 5089 1761 5161 quit
1774 5089 1817 5157 ius

1046 5191 1179 5264 quoddam
1196 5185 1383 5260 impetraverit
1399 5187 1432 5240 d.
1453 5194 1478 5236 t.
1497 5187 1518 5246 5.
1537 5180 1564 5234 ti
1580 5177 1639 5248 quis
1651 5195 1669 5231 a
1680 5171 1816 5242 Principe

1052 5291 1093 5333 te.
1104 5275 1145 5348 ff.
1164 5275 1271 5347 Nequid
1287 5274 1317 5328 in
1335 5273 1396 5327 loco
1413 5269 1487 5342 puil-
1508 5265 1595 5320 Sicuti
1614 5271 1643 5316 et
1659 5261 1754 5315 literae
1772 5258 1814 5311 in·
1855 5269 1890 5324 14Ι

1046 5364 1209 5427 vestiturae,
1231 5357 1328 5430 quibus
1353 5355 1435 5410 alicui
1457 5345 1611 5424 jurisdictio
1637 5345 1816 5413 circumsepta

1045 5465 1182 5516 acnoeua,
1206 5447 1318 5520 perinde
1342 5443 1464 5500 strictam
1489 5445 1626 5502 merentur
1653 5433 1815 5506 interprete·

1565 5533 1597 5575 il
