4456 6332
316 491 367 563 als
742 499 788 552 nn
808 499 932 554 menis
950 497 1073 554 arnust
1092 499 1136 552 nr
1156 493 1302 564 sennan
1651 513 1703 566 „a

242 583 393 654 suentense
407 586 546 658 gettrnfft,
563 591 631 644 eset
647 589 676 642 in
695 603 794 645 unsem
805 591 986 644 laudemini
1033 590 1130 644 tionem
1144 591 1171 642 in
1184 597 1317 642 tractatum
1330 595 1476 653 exererent,
1493 603 1576 658 nsque
1588 587 1706 648 ,taediose
1719 587 1772 644 ios?

249 668 397 724 wesentliels
413 693 447 728 au
463 673 554 728 laltm
571 673 646 728 nisit
661 673 783 742 geduldet
800 673 910 744 werden.
921 691 986 744 quse
1033 687 1079 724 sen
1095 683 1122 726 et
1138 675 1207 740 justo
1224 669 1324 740 longina
1347 679 1462 726 extense.
1478 679 1627 743 reputetur,
1649 672 1771 743 colopho·

248 755 387 808 mamonis
404 755 480 812 rerba
498 756 693 828 repetuntum’n
713 758 777 812 ord.
793 759 909 812 matrim.
924 757 949 810 d.
962 755 985 829 ξ.
1031 772 1093 809 nem
1110 754 1284 828 imponimus,
1299 763 1326 808 et
1344 753 1407 806 laese
1422 752 1456 805 da
1472 755 1529 822 jure
1545 753 1635 824 sponsi
1647 761 1675 807 et
1691 770 1771 826 spon·

256 836 370 892 ll'urderr
388 841 457 894 eard
473 841 563 895 solcis
579 844 728 896 Personae.
745 839 837 911 ibique.
863 842 920 894 und
932 839 986 894 sol·
1031 853 1073 890 ase
1095 836 1239 891 delineatae
1261 833 1401 890 sufiiciunt
1416 835 1494 888 'utto
1515 845 1555 889 ter
1575 836 1685 912 optimo
1695 875 1704 902 ,
1728 847 1770 890 ter

248 915 291 969 len
309 932 400 986 sonat,
419 933 466 975 etr.
483 923 574 994 Carpe.
592 925 637 978 lib.
657 936 680 976 a.
702 923 756 994 defi
778 924 918 980 consister.
944 935 985 978 tt.
1030 921 1149 992 Maximo
1163 920 1202 974 sit
1217 921 1283 984 bus,
1301 921 1383 973 honor
1398 913 1718 990 etgloriainsempite‘rne
1730 937 1771 974 sa-

250 999 327 1053 Plurs
347 1005 451 1072 quidem
472 1005 504 1058 de
521 1008 568 1058 bre
584 1007 740 1070 utilissima,
751 997 986 1077 impurissimae
1031 1005 1095 1058 culs.

248 1081 277 1131 iu
296 1081 353 1136 iuro
369 1089 486 1157 quotidie
503 1090 668 1159 agitatissims
682 1090 788 1143 muteris
798 1099 884 1143 essem
895 1091 985 1146 dicen·

248 1165 289 1220 ds.
309 1171 403 1237 Vernis
422 1189 453 1224 ne
473 1171 533 1226 baec
551 1171 693 1244 disputatio
710 1181 799 1228 contra
816 1173 923 1227 instituti
944 1190 984 1226 rs·
1339 1172 1360 1222 ll
1378 1173 1390 1224 l
1408 1171 1432 1223 li
1450 1172 1463 1224 l
1482 1173 1509 1225 S.

569 1404 890 1482 nlsl‘unatto
915 1405 1173 1483 vtunstlttn
1199 1405 1438 1482 SECUNDA

979 1585 1004 1638 n
1021 1585 1043 1639 n

410 1733 1023 1902 tunt-tutudistis
1066 1739 1608 1858 tunnis-nstituit

759 1969 786 2006 n.
820 1969 871 2012 20.
908 1965 973 2014 ΙΝ
1004 1967 1059 2012 tlt.
1097 1967 1255 2012 nncnxx.

904 2129 1114 2173 ΙΙΜΜΙΝΝ

648 2249 865 2334 annnnro
888 2259 1071 2332 nntnnn.
1098 2218 1162 2335 nn
1184 2268 1367 2360 ourzow

786 2431 1222 2494 NOB1.1..bldliCH.

737 2645 1276 2692 m*—

862 2868 940 2974 .1.'
981 2903 1027 2971 rt.
1074 2903 1108 2968 J.

240 3087 309 3252 Ρ
312 3186 465 3257 rudentes
487 3215 522 3257 ac
544 3191 745 3282 experientia
774 3191 903 3258 edoctus
929 3191 1056 3260 monuit
1084 3192 1252 3286 quondam
1278 3191 1505 3270 Justinianus,
1535 3187 1625 3284 quod
1653 3211 1768 3266 natura

238 3299 367 3370 semper
388 3303 487 3348 novas
507 3280 701 3372 deproperet
721 3279 815 3348 edere
838 3279 962 3348 formas.
990 3281 1124 3375 Quippe
1155 3283 1257 3349 multa
1285 3281 1440 3374 posterior
1466 3281 1636 3349 adinvenit
1662 3299 1770 3366 aetna,

237 3365 419 3458 Maioribus
441 3370 559 3438 nostris
582 3372 716 3460 penitus
738 3367 894 3462 ignora'ta.
917 3371 979 3438 Jus
1001 3375 1192 3461 ipsumnec
1214 3373 1278 3440 sibi
1309 3385 1435 3525 semper
1459 3383 1606 3441 constans
1637 3379 1771 3462 mansit,

237 3478 273 3520 ac
295 3459 515 3533 immutatum,
539 3459 636 3526 liaud
660 3483 760 3556 pauca
792 3459 858 3552 juri
886 3459 1023 3554 pristino
1054 3460 1281 3552 superaddita,
1308 3461 1375 3528 hau
1425 3459 1574 3554 pauciora
1602 3459 1768 3554 detracta,

237 3545 377 3640 plurima
400 3549 495 3640 plane
518 3549 655 3616 inversa.
678 3549 819 3626 Causam
842 3549 869 3614 si
890 3552 1048 3644 exegeris,
1072 3575 1138 3617 non
1157 3575 1194 3618 ea
1219 3551 1287 3642 juri
1309 3549 1521 3642 imputanda,
1545 3549 1601 3617 sed
1625 3559 1771 3656 negotio.

236 3657 309 3704 tum
332 3639 491 3705 varietati.
515 3639 598 3707 Jura
620 3641 758 3732 negotiis
780 3637 959 3728 adaptanda
981 3653 1078 3726 sunts
1105 3641 1157 3708 his
1187 3665 1262 3710 vero
1294 3642 1505 3709 mutationem
1538 3640 1771 3721 creberrimam

231 3725 483 3829 recipientibus,
508 3733 579 3820 jura
603 3753 736 3822 quoque
757 3727 937 3802 niterentur
958 3730 1124 3820 paulisper
1146 3753 1310 3799 necessum
1336 3743 1393 3798 est.
1419 3729 1600 3822 [legislator
1619 3733 1768 3826 quisque

232 3811 267 3882 id
298 3816 442 3883 intendit
463 3819 579 3896 unice,
602 3832 639 3890 ut
662 3819 822 3909 praesenti
845 3817 1050 3904 subditorum
1073 3823 1172 3887 statui
1196 3820 1280 3889 bene
1303 3821 1361 3902 sit,
1383 3819 1459 3888 hinc
1485 3821 1569 3911 leges
1586 3821 1685 3886 statui
1702 3846 1770 3890 rno-

232 3899 334 3969 derno
355 3906 531 3978 conformes
553 3909 655 3976 sancit
678 3933 714 3974 ec
737 3905 934 3999 promulgat:
957 3907 1047 3997 quod
1069 3911 1098 3976 si
1120 3911 1240 3978 mutari
1263 3935 1375 3978 rerum
1398 3909 1514 3976 faciem
1542 3915 1768 4012 conspexerit,

233 3989 359 4082 legibus
381 4006 475 4062 antea
499 3997 573 4064 latis
596 4019 661 4062 non
686 3997 832 4064 inhaeret
854 4019 894 4062 ex
916 4020 998 4084 asses
1019 3997 1073 4064 aed
1098 4001 1223 4090 potius,
1247 3998 1329 4092 quid
1345 4000 1466 4068 cisium
1482 3997 1608 4066 utilitas
1622 4019 1658 4062 sn
1675 4023 1767 4092 prae·

232 4103 306 4147 sens
328 4083 455 4175 exigat,
480 4085 514 4152 id
538 4109 619 4153 nora
641 4087 711 4180 lege
733 4083 968 4177 promulgasse,
990 4087 1172 4177 proficuum
1194 4091 1281 4156 bono
1304 4089 1436 4180 publico
1459 4091 1649 4156 arbitratur.
1674 4089 1770 4179 Quae

233 4169 340 4261 legum
366 4197 520 4244 novarum
545 4178 735 4254 necessitas,
758 4176 806 4248 vel
831 4175 1010 4266 legislatore
1033 4177 1237 4270 quiescente,
1268 4191 1359 4246 motu
1383 4179 1514 4269 proprio
1542 4199 1575 4244 ae
1603 4180 1708 4246 exerit
1732 4207 1768 4248 ac

232 4261 387 4337 ostendit,
412 4261 659 4338 Consuetudine
679 4266 804 4370 quippo
825 4265 856 4330 le
878 4288 909 4330 es
930 4265 1085 4355 pristinae
1116 4267 1314 4359 derogantur
1344 4265 1562 4358 pedetentim,
1590 4266 1657 4332 imo
1685 4289 1768 4340 nora

233 4375 367 4444 quoque
389 4357 463 4445 jura
487 4357 582 4422 tacite
605 4355 821 4445 recipiuntur.
845 4287 941 4421 liade
963 4367 1027 4436 est,
1050 4356 1139 4446 quod
1163 4359 1264 4424 inulta
1287 4357 1385 4425 hodie
1407 4357 1443 4426 in
1469 4355 1598 4424 'udiciis
1612 4355 1769 4450 trequen-

234 4441 296 4506 tsri
321 4441 444 4524 rideas,
467 4469 551 4550 quse
573 4449 646 4536 jure
669 4457 779 4511 nostro
800 4443 1006 4511 Justinisneo
1028 4444 1079 4510 rel
1103 4445 1200 4536 piane
1223 4447 1406 4540 incognita,
1427 4383 1478 4514 rei
1493 4459 1579 4513 certe
1594 4446 1649 4515 lou
1672 4447 1770 4518 ealia

233 4554 270 4596 ac
290 4529 416 4598 diversa
433 4547 555 4602 retrone
570 4536 701 4602 sancita.
718 4533 793 4600 Sola
807 4531 1039 4624 jurisdictionis
1056 4535 1190 4602 materia
1205 4537 1351 4628 exemplo
1364 4534 1544 4605 certissimo
1558 4539 1634 4604 erit.
1650 4471 1770 4626 {uan-

235 4637 267 4684 ts
288 4619 377 4694 enim
399 4645 475 4690 cura
499 4621 638 4697 Romani
662 4621 770 4716 legum
794 4620 909 4688 latores
933 4621 1163 4698 ’nrisdictionis
1186 4637 1287 4694 metas
1308 4625 1578 4706 determiussint,
1594 4627 1768 4700 innumera

233 4710 316 4802 juria
338 4713 437 4782 nostri
461 4711 527 4780 loca
550 4723 710 4788 testantur
732 4710 874 4784 abunde.
898 4709 958 4788 Ila
974 4735 1048 4779 vero
1066 4713 1093 4783 si
1107 4713 1148 4780 sd
1163 4739 1262 4782 usum
1277 4713 1472 4782 modernum
1487 4715 1651 4806 exegeris,
1667 4743 1768 4810 pauca

233 4799 378 4890 vigorem
401 4799 577 4893 pristinum
600 4801 793 4882 retinuisse,
838 4801 956 4878 lurinsa
979 4825 1056 4868 sero
1079 4817 1208 4892 praeter
1231 4808 1284 4896 jus
1305 4816 1448 4896 recepta,
1471 4828 1507 4872 se
1529 4804 1677 4876 moribus
1692 4832 1768 4914 pro·

233 4888 307 4953 bata
330 4911 417 4968 esse,
441 4888 557 4960 lubens
579 4891 739 4962 fateberis.
763 4823 845 4962 liniis
866 4908 929 4974 est,
951 4889 1042 4983 quod
1065 4892 1218 4962 tralatitia
1241 4891 1338 4970 hodie
1361 4895 1450 4984 apud
1477 4892 1622 4962 ductores
1652 4899 1768 4989 opinio

233 4977 291 5064 einp
315 4977 350 5043 in
373 4979 594 5068 jurisdictione
616 4978 824 5071 dijudicanda
847 4979 887 5048 ad
916 4979 1186 5058 connsuetudinem
1218 4984 1280 5050 loci
1311 5006 1381 5054 esse
1413 4983 1664 5054 recurrendum
1693 4987 1765 5054 lusu

231 5067 321 5160 quod
343 5067 482 5158 amplius
503 5082 568 5138 eat:
591 5067 858 5156 cousuetudinem
882 5069 939 5136 loci
962 5071 1113 5136 omniurn
1132 5071 1403 5178 jurisdictionum
1428 5073 1565 5142 iorsnam
1587 5087 1621 5142 et
1645 5076 1769 5167 princi-

256 5159 323 5224 ium
346 5181 432 5242 esse,
455 5169 491 5242 nt
514 5157 593 5234 binc
614 5161 721 5229 lanam
742 5158 783 5224 de
810 5160 899 5226 asino
926 5181 1082 5250 quaerere
1109 5161 1311 5238 rideantur,
1340 5161 1402 5253 qui
1430 5185 1502 5230 eam
1529 5185 1567 5229 ex
1597 5165 1664 5230 solo
1693 5169 1767 5255 jure
1853 5177 1855 5186 ‘

230 5180 379 5322 boniaco
400 5249 568 5324 aestimare
591 5249 703 5320 velint,
727 5245 832 5314 Andr.
865 5247 985 5316 linich.
1015 5247 1057 5314 ds
1089 5247 1169 5318 Jur.
1204 5250 1371 5318 Ter-nitor.
1390 5277 1528 5356 prosus.
1561 5251 1615 5320 td
1646 5255 1767 5343 patrios

161 5411 164 5416 .
231 5359 332 5414 motet
353 5340 379 5416 ai
402 5361 620 5422 secernunt,
645 5337 694 5414 tei
717 5337 781 5410 solt
804 5337 982 5436 jurisdictio
1005 5339 1217 5440 circumsepta
1240 5341 1308 5412 sire
1333 5341 1463 5440 sepibus
1486 5341 1609 5415 inclusa
1630 5342 1690 5414 lsec
1711 5341 1768 5416 dc·
