4504 6344
352 611 399 666 tir

279 715 386 783 Zarang
406 707 539 766 leiclttlicls
563 701 766 774 eincubringen·
795 699 891 756 Ordin-
916 695 1046 768 judiciar.

279 801 349 852 San.
378 794 418 848 tit.
439 805 479 848 ιι.
498 790 522 865 5.
542 789 706 845 Endliclren.
725 785 822 854 Georg.
841 781 957 836 Schultz.
979 779 1006 833 cl·
1023 797 1046 832 c.

283 894 306 934 ι.
326 898 353 932 n.
376 893 415 932 ιι.
436 877 490 930 Dn.
509 875 634 948 Cerprov.
653 875 738 925 Proc.
757 867 797 922 tit.
817 876 860 919 ts.
873 875 925 919 art.
940 877 964 918 ι.
978 863 1046 917 etin

282 963 362 1035 Acyl.
386 960 513 1017 debitor.
539 977 562 1014 o.
596 967 620 1009 t.
645 973 673 1012 ιι.
697 963 753 1008 tto.
773 962 799 1008 et
815 968 887 1024 seqq·
905 947 952 1004 ubi
969 947 1048 1020 hujus

783 601 831 656 DE
853 591 1214 656 onsic‘t.otr101t.1tt
1235 591 1355 650 sotir.

1748 585 1787 640 io

1097 691 1138 747 rei
1155 689 1314 764 eequitotem
1332 689 1435 760 prolixe
1452 685 1565 744 deducit.
1585 683 1661 742 cont.
1686 585 1785 740 Endeil.
1803 685 1855 742 Dn.

1096 775 1242 830 Brunnem.
1269 776 1375 828 Comm.
1399 772 1440 828 ad
1455 775 1487 828 L.
1506 772 1613 827 Etiam.
1635 785 1659 826 s.
1677 772 1711 828 G·
1727 772 1761 826 de
1779 771 1858 826 Eae·

1097 871 1149 916 cut·
1174 859 1228 918 liei
1242 857 1305 932 jud.
1332 868 1358 912 et
1381 857 1409 913 in
1435 861 1560 914 Prooett·
1589 857 1654 912 cto.
1676 873 1734 927 cop·
1759 855 1807 910 ult.
1828 873 1856 909 ιι.

1100 958 1142 1004 40.

834 1169 1246 1266 vcirorrv.

696 1383 754 1454 De
765 1383 888 1470 forma
913 1375 1084 1470 Beneficii
1107 1371 1221 1444 dandi
1244 1375 1282 1443 in
1304 1377 1463 1449 solutam.

464 1612 804 1674 svmstAttlA

279 1787 475 1847 Continuatio.
487 1803 519 1838 n·
543 1793 565 1835 t.

281 1874 355 1927 Ordo
373 1871 401 1924 in
422 1868 503 1923 bonit
527 1863 711 1920 immobilibus
736 1861 880 1917 mobilibus
907 1869 934 1914 et
956 1876 1045 1914 terno-

271 1969 274 1980 ·
312 1952 438 2009 centibus
453 1949 649 2004 observandos.
668 1963 697 1998 n.
719 1954 742 1996 ι.

274 2039 374 2094 Primo
392 2033 538 2107 offerenda
556 2029 680 2088 mobilia.
698 2047 727 2084 ιι.
750 2039 773 2081 ι.

279 2125 351 2178 Vera
369 2120 461 2176 lectio
479 2118 579 2174 Nomii.
601 2127 624 2168 t.
644 2113 786 2170 evincitur.
800 2129 834 2164 n.·
851 2121 875 2164 t.

276 2205 394 2264 Mobilia
409 2206 436 2260 si
452 2206 594 2266 detrectet,
609 2197 765 2253 immobilia
782 2190 933 2265 offerenda·
952 2212 980 2248 n.
1001 2205 1025 2248 o.

275 2297 328 2348 An
343 2289 439 2345 rtatim
457 2283 610 2341 immobilia
629 2281 805 2336 vendenda?
821 2297 849 2332 n.
870 2292 895 2333 t.

274 2379 324 2429 An
342 2371 549 2428 sublimatione
565 2383 637 2440 opus
652 2366 693 2419 sit
708 2365 746 2420 ad
764 2359 957 2419 inveniendum
973 2363 1044 2417 Em·

307 2457 435 2532 plorem?
452 2476 479 2510 n.
501 2467 525 2508 t.

274 2547 324 2600 An
338 2545 450 2599 'Recese
468 2541 567 2612 Imper.
584 2535 731 2592 novissimo
743 2533 811 2588 leaeo
820 2533 973 2590 necessitas
981 2533 1043 2589 sub·

310 2625 483 2683 basiationit
500 2622 638 2679 remitto?
655 2637 684 2672 ιι.
704 2631 730 2674 t.

275 2714 399 2781 Emptos
410 2711 515 2782 imtmn
532 2707 611 2762 debet
628 2701 731 2776 fferre
746 2701 881 2776 pretinm,
904 2703 976 2758 aliar
1001 2703 1045 2759 de·

311 2795 384 2851 bitor
400 2793 515 2850 vendere
533 2809 591 2846 non
615 2799 729 2844 tenetur.
748 2806 776 2841 n.
796 2799 821 2840 ι.

277 2878 482 2948 Qualiscautm
500 2877 529 2930 in
549 2875 601 2931 iao
616 2871 778 2930 venditione
787 2867 960 2942 praestando
972 2873 1043 2928 Ern-

308 2963 389 3034 ptori·
408 2981 442 3016 ιιι
461 2972 500 3015 to.

275 3049 408 3116 Emptore
420 3062 478 3099 non
489 3051 613 3114 repertos
625 3040 701 3098 bona
714 3037 845 3096 creditori
860 3037 991 3094 obtruden
996 3036 1043 3091 da.

269 3133 272 3142 ⁴
313 3149 341 3184 n.
365 3139 407 3181 ιι.

274 3215 360 3268 Bona
383 3223 476 3266 tamen
502 3209 602 3281 optima
626 3208 744 3265 creditor
768 3205 867 3279 eligere
885 3213 989 3276 potesta
1013 3220 1042 3255 n.

272 3313 275 3321 “
320 3308 360 3349 ii.

276 3379 467 3451 despondetur
475 3379 607 3434 'novettae
628 3387 686 3430 tto.
706 3393 734 3428 n.
757 3385 796 3428 ιι.

277 3467 362 3521 Bona
380 3484 398 3519 a
411 3463 505 3536 judice
522 3470 650 3520 accurate
667 3457 850 3515 aestimanda.
871 3475 898 3510 n.
922 3466 961 3508 tt.

275 3551 372 3621 listins
389 3547 603 3606 aestimationis
615 3547 728 3603 utilitas.
746 3564 777 3599 n.
798 3556 839 3598 ts.

1714 1441 1765 1452 -ι-ι-

1098 1607 1224 1675 ponimns
1240 1617 1328 1664 eutem
1348 1609 1377 1663 id
1395 1609 1559 1667 fundamenti
1573 1613 1647 1678 loeo,
1657 1607 1726 1681 qood
1739 1609 1859 1681 superio·

1098 1694 1123 1746 ri
1149 1693 1235 1767 capite
1259 1714 1273 1747 o
1297 1694 1374 1748 nobis
1394 1693 1564 1750 sufficienter
1581 1697 1806 1754 demonstratum:
1825 1693 1859 1748 de

1097 1779 1274 1851 depauperrto
1292 1778 1414 1835 debitore
1425 1780 1502 1834 nobis
1514 1797 1661 1834 sermonem
1675 1787 1748 1844 esse;
1760 1791 1785 1834 et
1796 1779 1858 1850 qui*

1097 1865 1158 1920 dens
1178 1865 1239 1931 toli,
1259 1883 1311 1920 noo
1329 1866 1375 1940 qui
1394 1869 1471 1938 pinne
1490 1865 1588 1918 nuliius
1607 1865 1646 1919 rei
1660 1879 1795 1935 possessor
1807 1873 1857 1928 est,

1003 1963 1007 1970 '
1096 1952 1144 2006 sed
1160 1951 1207 2022 qni
1227 1951 1339 2023 pecunie
1357 1961 1463 2024 parata,
1485 1951 1517 2004 nd
1535 1959 1613 2022 quim
1628 1947 1776 2003 solvendum
1790 1947 1866 2001 obii-¹

1096 2047 1168 2108 gntus
1187 2044 1259 2099 erat,
1283 2036 1454 2101 destituitur;
1477 2037 1535 2088 Hoc
1560 2034 1633 2088 enim
1658 2032 1860 2088 tundamentum

1096 2133 1147 2188 est,
1165 2121 1208 2175 cui
1225 2120 1327 2192 reliquo
1344 2122 1452 2190 jamjam
1471 2120 1501 2172 in
1514 2119 1632 2172 medium
1644 2116 1803 2188 proterenda
1816 2136 1859 2172 re·

1094 2209 1195 2280 quisite
1213 2222 1262 2261 cerr
1279 2203 1367 2258 fulcro
1386 2203 1551 2256 innituntur.
1571 2203 1631 2272 Quo
1643 2201 1858 2273 praesupposito,

1095 2293 1222 2346 ordinem
1230 2292 1270 2343 ¹'in
1281 2289 1358 2362 ¹ipsis
1366 2287 1450 2342 botris·
1457 2285 1650 2340 observandum
1663 2283 1780 2355 primum
1794 2303 1858 2355 pro·

1094 2393 1232 2449 ponemus.
1252 2374 1321 2430 Sunt
1338 2381 1425 2425 entem
1444 2371 1491 2423 ille
1509 2371 1550 2424 rel
1568 2367 1678 2422 mobilis
1701 2369 1741 2422 rel
1766 2361 1864 2422 inimo·v

1095 2459 1177 2526 bilin
1195 2477 1225 2513 se
1241 2455 1371 2510 moventis
1386 2471 1460 2518 vero,
1474 2469 1540 2522 qrroe
1553 2451 1658 2506 tertiam
1670 2450 1787 2522 alioquin
1801 2469 1859 2522 spe·

1096 2545 1165 2599 ciem
1182 2541 1307 2600 videntur
1326 2538 1501 2601 constituere,
1523 2536 1541 2589 l.
1563 2547 1586 2588 t.
1602 2549 1643 2604 pr.¹
1653 2533 1747 2604 fflde
1771 2535 1857 2590 AEdil.

1096 2628 1223 2683 Edidit.
1246 2637 1267 2679 ι.
1287 2627 1316 2680 a
1335 2626 1367 2680 de
1385 2625 1480 2678 Pron.
1498 2619 1572 2694 pigo.
1591 2617 1609 2669 t.
1631 2627 1673 2668 ιι.
1692 2623 1714 2680 §-
1741 2629 1755 2670 ι
1782 2631 1808 2672 er
1834 2631 1859 2670 ι.

1096 2713 1124 2768 C·
1142 2712 1177 2766 tle
1194 2713 1243 2765 SS·
1261 2709 1336 2765 Escl·
1355 2708 1374 2760 l.
1393 2717 1436 2761 so.
1451 2720 1492 2776 pr·
1516 2705 1545 2758 C·
1566 2701 1600 2754 tls
1611 2701 1668 2773 Ῐιιν.
1688 2701 1741 2754 dot.
1756 2703 1788 2754 ad
1804 2717 1859 2756 mo·-

1096 2793 1163 2848 bilie
1180 2791 1345 2857 reieiimuu
1356 2808 1415 2845 cum
1426 2789 1497 2842 idem
1510 2787 1538 2841 in
1553 2804 1602 2841 usu
1612 2785 1681 2856 juris
1694 2787 1858 2840 monentium

1095 2889 1124 2934 et
1134 2879 1275 2933 mobilium
1293 2879 1471 2950 appellitione
1489 2871 1657 2946 significetur
1675 2893 1723 2946 per
1741 2877 1758 2928 l.
1796 2877 1859 2929 Mo·-

1096 2965 1215 3019 rentiism
1234 2975 1277 3019 ιι.
1286 2961 1328 3034 ff
1345 2965 1379 3018 de
1403 2965 1435 3015 V.
1452 2963 1532 3016 ssd
1552 2979 1570 3014 a
1586 2959 1771 3015 dicoPio'ts.
1791 2968 1811 3024 §.
1834 2971 1857 3012 ι.

1095 3051 1127 3105 de
1147 3053 1188 3104 lle
1197 3049 1259 3120 J‘ml.
1277 3045 1420 3104 Wissenb·.
1440 3047 1477 3102 ad
1494 3045 1534 3097 tit.
1546 3045 1588 3100 'de
1609 3047 1645 3100 'V-
1665 3049 1694 3100 S·
1713 3043 1795 3114 Dtsp.
1817 3055 1858 3097 ιι.

1094 3136 1133 3190 td·
1151 3145 1175 3188 t.
1194 3134 1290 3188 loiron.
1304 3130 1445 3186 Goedd'eue
1457 3129 1495 3184 ad
1511 3129 1538 3184 d.
1556 3129 1574 3181 l.
1586 3135 1637 3184 ἰιι
1656 3135 1732 3183 ιι.“·ι.

1131 3215 1243 3271 mobilia
1261 3216 1351 3287 itaque
1368 3213 1607 3286 quod'concernit,
1625 3213 1672 3267 ille
1688 3212 1781 3284 primo
1801 3213 1856 3264 loco
1895 3213 1909 3266 l

1094 3299 1393 3366 amiralmumin,
1420 3315 1475 3352 non
1497 3295 1621 3369 quidem,
1645 3308 1673 3352 ιιι
1697 3296 1861 3366 simpliciter

1094 3403 1123 3441 ee
1143 3393 1281 3457 receptore
1297 3391 1431 3445 tenentur.
1445 3383 1490 3454 qui
1510 3380 1576 3434 ordo
1593 3381 1659 3434 olias
1677 3381 1706 3432 in
1726 3380 1859 3434 executio·

1095 3489 1129 3524 ne
1147 3471 1187 3524 rei
1203 3469 1336 3540 judicatae
1353 3467 1523 3533 observatur,
1536 3462 1563 3519 d.
1583 3464 1601 3516 l.
1620 3483 1638 3518 a
1656 3461 1728 3517 Divo
1747 3463 1802 3518 Pio
1817 3462 1858 3530 ff.

1094 3553 1128 3608 de
1142 3556 1185 3608 vit.
1212 3551 1308 3608 suste·
1334 3549 1381 3604 sed
1400 3550 1438 3602 ite
1456 3565 1500 3602 ree
1518 3547 1631 3601 mobiles
1649 3545 1776 3600 creditori
1796 3543 1861 3599 offe·

280 3635 335 3688 Sed
351 3652 389 3688 (Μ
408 3633 448 3688 ¹⁸²⁰
462 3632 629 3686 'mmm'
643 3627 762 3684 ‘¹⁶⁶¹'in
783 3626 886 3698 illim
913 3626 1043 3682 mmm
1090 3647 1205 3703 rantur,
1224 3645 1255 3690 ut·
1269 3633 1325 3706 ipsi
1343 3631 1486 3687 arbitrium
1505 3631 1689 3702 relinquetis&
1712 3629 1860 3700 arripiendi

316 3717 525 3789 depauperata?
540 3734 568 3770 ιι.
590 3727 632 3770 tt.

280 3808 352 3858 Jore
385 3801 465 3857 Civili
483 3801 547 3855 lenio
569 3798 721 3856 remedium
746 3799 844 3853 dotum
869 3811 927 3851 non
946 3805 1042 3851 estin.

326 3897 363 3940 tt.

281 3968 431 4042 Quomodo
444 3977 536 4021 tomen
551 3969 608 4024 'lsoc
625 3983 691 4024 caste
703 3965 859 4023 aestimatio
871 3963 1049 4018 instituenda.

317 4076 344 4108 n·
368 4065 407 4107 ts.
431 4061 471 4106 ιι.
492 4062 534 4110 ιο.

284 4137 429 4209 Quomodo
441 4133 790 4191 debitorcreditoiicarere
808 4133 911 4189 debeat.
930 4141 1031 4186 n.·-tt.'

282 4223 475 4294 despondetur
491 4219 591 4275 dnbio:
603 4238 630 4273 n.
651 4230 692 4270 ιι.

284 4307 380 4378 Qualis
396 4306 491 4362 cautio
505 4303 635 4360 creditori
647 4301 824 4376 praestando·
846 4319 883 4354 ιι·
895 4310 936 4354 ιι.

282 4503 435 4616 [metretis
453 4556 629 4634 praecedente
649 4556 738 4628 sepite
759 4554 898 4627 personis,
916 4569 983 4624 quoe
1000 4551 1046 4604 be-

280 4645 381 4703 neflcio
399 4646 482 4700 dsndi
502 4647 533 4700 in
553 4645 670 4700 sotorum
687 4642 728 4696 nti
748 4649 874 4713 possunt,
887 4638 992 4693 ordinis
1006 4655 1047 4692 re-

279 4733 318 4786 tio
335 4731 483 4802 efflagitet,
501 4739 533 4786 nt
549 4728 663 4784 iormom
682 4727 769 4781 nostri
784 4723 926 4790 beneficii,
946 4741 992 4777 seu
1005 4743 1046 4778 re-

280 4815 380 4886 quisito
401 4814 522 4884 eiusdem
540 4813 574 4867 ab
591 4815 659 4883 Imp.
679 4811 709 4864 in
728 4811 777 4865 hro
794 4809 895 4863 novella
919 4808 1048 4878 praescri·

279 4914 324 4972 pte
341 4901 539 4971 subiungimus.
555 4899 612 4953 Neo
630 4897 705 4952 enim
723 4895 888 4966 simpliciter
900 4893 974 4946 lione
989 4909 1047 4946 ore·

280 4985 361 5040 ditoni
383 4983 491 5039 obtrudi
509 4984 595 5040 roleit
611 4982 705 5053 imper.
725 4997 787 5034 curn
805 4977 872 5032 setis
888 4979 918 5029 in
937 4993 969 5030 eo
985 4993 1045 5045 gro·-

279 5079 372 5132 netor,
390 5065 461 5138 qood
478 5065 551 5121 eliud
568 5081 617 5138 pro
635 5064 687 5118 etio
707 5063 826 5134 recipere
839 5068 967 5122 teoeewr,
980 5058 1046 5112 hinc

283 5161 356 5205 certe
374 5150 404 5202 in
422 5151 475 5204 elio
495 5147 684 5214 normandus,
704 5155 732 5199 et
748 5145 786 5197 ite
805 5143 878 5197 detio
892 5143 920 5196 in
934 5142 1047 5195 ιοΙιιιιιιιι

278 5234 460 5302 instituendo,
480 5251 514 5288 ne
536 5233 655 5288 nimium
683 5239 804 5301 &metor
825 5228 952 5284 creditor.
977 5225 1045 5284 Nem

281 5330 369 5375 certos
385 5321 454 5374 ordo
471 5319 540 5390 juris
559 5321 589 5374 in
607 5319 656 5372 heo
676 5317 782 5371 datione
801 5312 1046 5382 observandumque

281 5421 335 5458 non
358 5402 493 5456 observato
523 5401 596 5457 detio
622 5419 674 5456 non
702 5400 835 5455 substitit·
853 5399 914 5454 lob.
933 5397 1044 5469 Baptist.

283 5485 392 5542 Asinius
415 5485 506 5540 diost.
530 5483 564 5541 de
582 5483 702 5541 Essent.
720 5491 742 5548 ς.
762 5493 787 5535 ι.
804 5499 828 5536 c.
849 5493 890 5536 ss.
918 5479 1044 5553 Pnoup-

1093 3737 1137 3776 res
1153 3721 1290 3784 mobiles,
1312 3720 1354 3773 rel
1372 3735 1426 3772 non
1447 3715 1612 3788 Dnstcerpt.
1625 3715 1683 3785 jor.
1691 3712 1756 3781 sor.
1779 3731 1807 3782 p.
1836 3726 1857 3766 ι.

1098 3805 1191 3858 Const.
1206 3814 1248 3858 st.
1266 3799 1327 3872 def·
1345 3798 1389 3856 ιι.
1407 3803 1517 3855 Damus
1534 3797 1608 3854 enim
1626 3796 1758 3852 creditori
1776 3797 1860 3850 licen·

1094 3881 1162 3944 tiam
1186 3886 1295 3941 colenti
1320 3885 1450 3958 accipere
1464 3901 1508 3938 res
1526 3883 1638 3938 mobiles
1655 3883 1745 3952 inquit
1762 3881 1860 3952 Imper.

1096 3970 1121 4022 i.
1138 3973 1213 4026 Noc.
1233 3980 1258 4023 t.
1276 3989 1298 4024 c.
1319 3983 1342 4025 s.
1359 3987 1401 4044 pr.
1419 3971 1448 4022 in
1466 3969 1563 4042 quibus
1573 3967 1662 4024 verbis
1674 3967 1782 4038 quidem
1795 3968 1860 4022 actio
1898 3977 1911 4018 ι

1094 4055 1174 4110 dubie
1191 4065 1248 4122 est,
1267 4056 1333 4108 dum
1343 4053 1671 4124 'migtrtusi’arephrastes
1684 4067 1733 4122 pro
1747 4053 1861 4106 mobiles
1883 4075 1886 4082 ’

1095 4141 1161 4210 legit
1189 4139 1348 4194 immobiles.
1375 4139 1422 4194 sed
1445 4137 1592 4192 rectissime
1621 4155 1654 4191 ex
1672 4137 1785 4191 dullino
1803 4140 1858 4191 irc.

1095 4225 1182 4295 Cujeo.
1202 4221 1412 4281 commearent
1427 4223 1453 4274 b.
1471 4223 1542 4276 Nor:
1559 4231 1586 4275 et
1608 4221 1687 4274 Dion.
1701 4221 1861 4276 ·Godoired.

1098 4321 1155 4366 not.
1173 4309 1212 4364 ad
1225 4311 1252 4364 lt·
1271 4309 1340 4364 Nor.
1358 4307 1405 4360 lit·
1421 4307 1450 4360 C.
1468 4305 1695 4368 animadvertunt,
1719 4306 1860 4375 legendum

1098 4411 1156 4448 esse
1173 4393 1295 4448 molitio
1323 4395 1357 4446 ed
1387 4389 1480 4452 κινητὰ
1512 4389 1565 4446 Set
1588 4387 1673 4443 inteor
1698 4387 1727 4441 in
1756 4389 1861 4443 Graeco

1098 4481 1242 4552 erempinri
1262 4475 1439 4532 communiter
1457 4475 1606 4545 impresso,
1624 4473 1694 4544 qood
1708 4482 1736 4527 et
1748 4473 1861 4530 editioni

1099 4565 1215 4637 eorporis
1233 4565 1301 4633 iuris
1318 4557 1545 4628 elegentissime,
1562 4573 1629 4629 quse
1645 4558 1676 4610 in
1693 4557 1785 4628 Belgio
1806 4577 1860 4614 non

1099 4649 1137 4702 ite
1155 4647 1259 4721 pridem
1278 4647 1307 4698 in
1327 4643 1391 4699 lolio
1404 4641 1524 4716 prodiit,
1543 4639 1720 4712 minuetum,
1739 4643 1791 4712 legi
1811 4645 1859 4697 eli·

1100 4743 1157 4788 tert
1175 4729 1283 4805 Διδιμιι
1297 4727 1353 4800 γὰρ
1372 4731 1410 4782 ιιι
1429 4727 1555 4784 temnet
1575 4724 1728 4800 (solonites,
1739 4725 1860 4781 calciet.

1098 4833 1171 4876 ιητιι
1188 4813 1339 4887 πράγματα
1364 4810 1452 4886 larris
1469 4809 1540 4865 niti
1570 4811 1696 4881 χρυσίου.
1725 4811 1791 4866 Cum
1809 4833 1862 4885 qno

1098 4898 1233 4970 conspiret
1250 4898 1363 4967 Gregor.
1379 4895 1509 4950 Helomd:
1525 4895 1628 4960 versio,
1646 4897 1768 4966 queeito
1787 4899 1859 4968 legit:

1098 4981 1226 5038 Liberum
1239 4979 1375 5036 creditori
1390 4997 1442 5051 per
1458 4977 1621 5050 notsnerit,
1632 4981 1660 5034 ti
1670 4982 1742 5048 celit,
1755 4984 1804 5037 vel
1813 4985 1863 5036 irn-

1098 5064 1211 5120 mobiles
1229 5079 1273 5120 res
1289 5079 1339 5132 pro
1358 5061 1426 5118 duro
1444 5081 1548 5135 capere.
1561 5064 1672 5118 interim
1685 5067 1815 5120 contextui
1829 5085 1861 5120 oe

1097 5153 1195 5207 notioni
1217 5149 1304 5222 meeis
1326 5148 1450 5203 mevenit
1470 5147 1583 5203 mobilia
1606 5150 1716 5219 legere:
1739 5159 1769 5202 ut
1783 5151 1858 5204 enim

1099 5247 1212 5302 tecum,
1230 5256 1245 5289 e
1265 5231 1456 5289 scribis-laetis
1467 5235 1588 5304 potuisse
1599 5233 1694 5290 moleri
1713 5235 1747 5286 τὰ
1765 5235 1860 5292 κινητὰ

1096 5321 1125 5374 in
1155 5318 1333 5386 otlsnragid
1356 5326 1442 5374 temen
1461 5329 1582 5382 oenum,
1609 5317 1816 5373 antecedentium
1831 5329 1859 5372 et

1096 5405 1313 5478 oonseqnentinm
1344 5402 1536 5458 connexionem
1565 5403 1664 5456 nullom
1697 5417 1769 5464 esse,
1801 5405 1858 5456 nisi

1097 5487 1199 5562 Ctrjecii
1217 5491 1359 5548 lectionem
1378 5487 1547 5542 retineamus.
1567 5489 1603 5542 ltr
1621 5486 1696 5540 enim
1714 5483 1791 5538 rerba
1809 5485 1856 5538 lm-
