4424 6340
328 549 376 618 167

252 665 312 700 mm
331 645 415 709 nibss,
433 639 504 714 qnod
526 639 596 691 malo
621 649 696 688 more
719 632 829 702 doloque
854 625 1016 686 admissum,

253 730 418 802 impunitum
437 727 475 780 sit
492 718 693 790 relinquendum
722 717 739 766 1.
764 726 803 766 11.
820 712 848 764 in
858 708 917 780 fir.
926 705 968 776 Ι
986 708 1018 759 de

252 815 318 870 Dal.
338 815 405 866 mal.
420 823 447 865 et
465 817 526 864 met.
544 807 660 874 Except.
683 798 735 852 sed
754 793 894 866 Receptori
913 800 1016 845 tantum

251 897 402 969 persecutio
415 897 518 964 injurae
531 907 592 944 suae
611 888 762 955 denegatur.
777 881 838 932 lint.
851 875 916 930 Feb.
929 873 1015 928 ratio·

252 983 311 1036 aal-
330 982 359 1036 in
379 981 398 1032 l.
412 997 455 1052 pr.
465 977 506 1048 Ι.
525 973 691 1028 declarator.
710 966 749 1018 lit·
768 964 793 1020 1.
812 961 871 1014 Non
890 977 950 1028 ergo
969 973 1016 1010 nec

252 1064 333 1120 bodie
351 1064 420 1120 toret
438 1063 581 1131 injustum,
600 1069 722 1110 resecare
743 1049 772 1100 in
798 1063 875 1098 usum
896 1045 961 1096 istas
978 1043 1015 1094 le·

253 1165 310 1219 ges,
327 1165 389 1202 urm
406 1147 455 1200 bae
472 1144 574 1198 ratione
593 1135 802 1192 saeculariorum
821 1129 924 1183 technis
942 1143 1014 1180 corn-

254 1229 331 1284 mode
350 1229 451 1284 obviari
465 1226 558 1299 possit.
578 1225 636 1276 lrno
653 1217 786 1288 augendae
803 1215 849 1267 bic
864 1229 963 1285 poenae
975 1209 1014 1262 1ο-

251 1325 327 1378 rent,
340 1315 403 1385 quia
420 1313 517 1366 delicta
536 1309 593 1381 ipsa
612 1307 775 1359 incrementa
793 1298 921 1353 iecerunt.
940 1296 969 1348 Si
984 1313 1013 1348 e·

252 1400 310 1452 nim
330 1401 507 1470 Receptorum
525 1391 602 1448 aedes
622 1389 834 1460 publicarentur,
853 1381 893 1435 rel
920 1379 943 1430 si
961 1378 1013 1448 ipsi

253 1483 411 1554 Receptores
429 1479 497 1533 baud
517 1478 640 1548 impunes
663 1471 880 1527 dimitterentur,
900 1472 1015 1532 recepta·

252 1568 324 1632 cula,
342 1585 394 1638 quo
413 1584 441 1620 se
457 1560 610 1616 conterrent
628 1554 786 1626 nequissimi
812 1549 948 1610 homines,
967 1546 1013 1598 ba-

252 1649 348 1703 berent
359 1651 481 1702 minimc.
496 1644 549 1699 Sed
560 1643 631 1713 quod
643 1639 800 1700 dolendum,
815 1633 937 1686 iurentur
951 1631 1014 1682 tales

253 1735 425 1802 Receptcres,
439 1729 473 1783 de
489 1727 586 1798 quibus
606 1735 693 1776 tamen
709 1723 763 1774 iere
775 1719 879 1772 notorie
897 1724 1012 1778 cousin,

257 1816 318 1868 illus
336 1833 396 1868 cum
417 1811 573 1867 Saeculariis
591 1817 618 1861 et
630 1803 790 1859 Directariis
808 1805 972 1868 conspirare,
986 1805 1014 1847 et

251 1901 290 1952 ita
302 1917 335 1954 ex
347 1900 443 1952 borum
457 1894 599 1950 sceleribus
617 1893 720 1944 lucrum
734 1882 920 1954 turpissimum
937 1895 1012 1931 aucu-

254 1984 322 2054 pari.
341 1983 398 2034 imo
417 1992 443 2034 ct
461 1980 565 2052 publica
584 1973 718 2028 interdum
737 1970 793 2021 loca
810 1965 881 2017 ludis
900 1963 1014 2014 destina·

254 2075 280 2118 ta
297 2073 375 2128 sunt,
393 2063 455 2128 nbi,
474 2072 578 2134 praeter
595 2055 772 2129 blasphemias
791 2061 818 2104 et
835 2048 1012 2121 perjuriaure·

251 2149 381 2212 berrirua,
401 2147 556 2210 saecularii,
576 2159 667 2198 ansam
687 2139 765 2190 malis
784 2136 838 2186 suis
857 2131 959 2184 artibus
983 2149 1013 2182 u·

253 2231 343 2298 tendi,
360 2231 561 2284 nanciscuntur.
580 2227 614 2278 Et
632 2223 694 2276 dum
721 2219 792 2273 ludis
810 2217 908 2286 ubique
925 2213 1014 2266 indul-

253 2325 343 2384 getur,
362 2314 443 2368 etiam
461 2313 517 2376 illi,
537 2309 583 2382 qui
602 2309 700 2362 victum
720 2303 773 2356 sibi
792 2302 837 2355 rix
856 2316 948 2372 parare
966 2316 1012 2352 no·

251 2409 329 2464 nant,
349 2399 426 2451 malis
445 2396 532 2450 modis
551 2413 582 2448 eo
607 2389 784 2452 contendunt,
804 2396 834 2438 ut
851 2387 964 2438 victores
983 2383 1012 2434 in

252 2483 322 2538 ludis
341 2484 469 2545 existere,
489 2489 517 2532 et
535 2478 587 2532 sibi
600 2478 701 2534 rictum
719 2488 809 2544 parare
826 2469 940 2542 possins,
954 2483 1013 2520 con-

250 2569 355 2641 spirant
371 2567 502 2628 invicem,
515 2579 545 2616 ac
556 2561 695 2614 societates
714 2555 842 2628 pessimas
861 2555 969 2616 ineunt,
983 2559 1014 2602 ut

249 2652 319 2705 alter
336 2651 366 2704 iu
384 2649 447 2724 ludo
470 2646 581 2700 alterius
599 2652 688 2716 partes
712 2639 812 2703 foreat,
831 2655 882 2708 qno
901 2635 1011 2688 tertium

253 2737 402 2800 incautum,
427 2734 466 2786 ita
488 2749 548 2785 aere
571 2747 617 2784 suo
642 2725 747 2799 possint
772 2721 896 2794 spoliares
915 2735 1010 2790 proso·

251 2830 312 2874 cant
337 2819 403 2872 alios
427 2817 459 2870 ad
484 2814 645 2876 ludendum,
663 2829 711 2864 nec
735 2807 859 2862 desinere
880 2805 1011 2858 volentem

253 2905 410 2966 dimittente
424 2900 505 2954 Furta
524 2897 633 2951 interim
649 2913 702 2947 non
721 2891 919 2954 intermittunt,
932 2897 973 2952 et,
986 2888 1010 2938 si

251 2987 318 3060 quid
334 2988 375 3040 rel
393 2983 539 3038 mendaciis
559 2983 597 3034 rel
611 2977 722 3052 perjurii
740 2975 774 3028 ab
790 2976 874 3026 altem
888 2972 1011 3024 obtinere

251 3074 372 3144 possint,
388 3068 458 3123 baud
477 3067 544 3140 ipsis
557 3062 694 3134 Religioni
705 3069 754 3114 est.
771 3061 828 3112 Hac
847 3074 908 3124 ergo
927 3055 1009 3109 ratio·

251 3175 286 3209 ne
306 3153 514 3208 saeculariorum
533 3147 796 3215 Directarioruruqne
813 3141 958 3195 sordentum
972 3141 1011 3191 ln·

251 3241 314 3293 dnm
335 3256 408 3302 esse,
421 3255 452 3290 ac
468 3234 604 3297 homines,
616 3231 731 3300 alioquin
744 3228 775 3280 ad
789 3226 855 3280 ritia
868 3225 1010 3295 proclives,

250 3323 284 3378 ad
301 3321 371 3376 lurta
391 3321 453 3374 talia
471 3317 645 3390 perpetranda
657 3313 735 3366 facile
747 3310 870 3374 invitari,
884 3311 940 3362 luce
954 3325 1009 3360 me·

250 3406 355 3462 ridiana
369 3403 464 3458 clarius
478 3401 576 3464 eradit,
590 3409 619 3453 ul
633 3407 771 3468 eapropter
783 3394 839 3447 ludi
853 3411 925 3457 usus,
937 3410 1010 3464 prae·

251 3491 345 3546 sertim
366 3490 396 3541 in
413 3486 528 3559 publicis
547 3485 613 3538 locis
631 3493 658 3536 et
676 3481 784 3552 popinis
802 3478 954 3539 institutus,
974 3475 1010 3528 iis

250 3574 405 3630 Saeculariis
415 3569 549 3645 purganda
562 3567 717 3630 Provincia,
732 3564 846 3637 primum
858 3558 1009 3626 abolendus,

250 3671 278 3714 et
295 3661 319 3714 si
336 3667 428 3714 contra
445 3655 505 3726 quis
518 3653 627 3718 iecerit,
641 3649 807 3720 gravissimis
826 3649 919 3718 poenis
937 3663 1010 3698 coer-

248 3743 357 3799 cendus.
370 3743 410 3797 De
424 3739 517 3811 poenis
535 3748 622 3790 autem
642 3733 772 3787 lusoribus
786 3730 945 3800 irrogandis,
956 3729 1009 3784 rid.

248 3829 339 3884 Jodoc.
359 3823 508 3880 Damhond.
523 3839 606 3895 praa.
623 3835 675 3873 rer.
694 3817 770 3871 crim.
790 3835 813 3870 e.
831 3827 870 3867 ts.
890 3834 918 3868 n.
941 3828 963 3867 t.
985 3827 1008 3866 t.

248 3914 281 3965 Β.
300 3913 353 3965 Dn.
372 3910 465 3982 Carpe..
481 3918 565 3978 praet.
584 3905 659 3960 crim.
681 3922 708 3972 p.
729 3916 752 3954 s.
772 3921 817 3974 qn.
840 3909 897 3952 tst.
918 3917 945 3952 rr.
970 3909 1007 3950 tt.

248 4004 282 4058 de
299 3999 395 4072 quibus
411 3999 493 4052 etiam
512 3995 599 4066 capite
617 3989 738 4062 sequenti
757 3987 863 4042 dicendi
883 4003 946 4038 ansa
960 3985 1007 4037 da·

247 4089 330 4143 bitur.
352 4087 392 4140 De
408 4093 466 4138 arte
482 4099 544 4137 aero
563 4078 721 4132 histrionice
745 4073 868 4146 pluribus
886 4070 1008 4125 consula·

247 4184 292 4228 tur
310 4172 363 4223 Dn.
384 4165 502 4238 Zicglerl
519 4166 624 4220 dissert.
641 4165 674 4218 de
692 4177 820 4216 sommer.
837 4159 875 4210 sle.
895 4187 897 4193 ·
913 4167 937 4208 2.

284 4253 389 4308 Deinde
406 4269 455 4305 nec
480 4252 531 4304 boc
546 4249 645 4304 inutile
673 4244 881 4300 saeculariorum
905 4239 1008 4293 lrandes

250 4336 442 4412 praecavendi,
460 4333 608 4389 remedium
634 4343 687 4396 est,
706 4331 730 4384 si
748 4327 906 4392 Fritillarii,
926 4327 1009 4394 Agyr-

247 4437 304 4491 ue,
322 4423 500 4483 ioculatores,
512 4429 539 4472 et
556 4418 606 4472 boc
623 4430 705 4488 genus
723 4413 910 4482 alii,quornm
929 4426 1006 4480 supe-

249 4509 313 4562 riori
336 4507 423 4578 capite
441 4503 552 4557 fecimus
573 4499 755 4562 mentionem,
773 4512 826 4548 iton
852 4493 1009 4575 indistincte

246 4589 427 4644 nundinarum
448 4598 566 4656 tempore
583 4583 613 4636 in
631 4578 941 4649 Ciuitatesrecipiantnr.
961 4575 1008 4628 Et·

246 4676 333 4740 anim,
348 4673 371 4726 si
382 4673 436 4745 ipsi
454 4671 484 4723 bi
502 4667 673 4738 alilarsnpiis
686 4661 839 4718 scimlendis
858 4661 1006 4724 abstinent,

246 4768 317 4812 certe
335 4768 423 4812 tamen
441 4754 473 4808 ad
493 4751 636 4806 minimum
654 4751 764 4803 comites
783 4749 874 4809 alunt,
894 4745 941 4816 qni
959 4745 1008 4798 bu-

246 4842 365 4913 insertis
378 4838 532 4911 gnarissimi
550 4837 677 4890 existant.
691 4835 761 4887 Dum
776 4832 889 4887 enimin
903 4847 1006 4883 scenam

246 4928 390 5000 prodeunt,
410 4933 438 4976 et
453 4921 568 4975 ludricas
594 4929 728 4972 sectentur
746 4928 828 4982 artes,
847 4934 880 4970 ex
898 4930 1008 4985 quarum

245 5009 381 5064 Exercitio
397 5008 456 5080 ipso
479 5008 537 5076 jure
555 5004 681 5058 infamiae
704 5004 853 5075 praemium
872 5007 1008 5072 reportant

246 5098 264 5148 1.
286 5106 346 5148 t.et
366 5105 389 5145 2.
408 5089 432 5164 5
437 5091 495 5164 fin.
498 5088 539 5160 Ι
555 5090 702 5165 delrisqni
719 5100 775 5144 not.
790 5088 889 5160 insum.
908 5087 953 5139 air
967 5102 1007 5137 re·

243 5180 339 5250 ligioni
357 5177 410 5232 sibi
428 5177 567 5243 duxerint,
580 5191 740 5246 quacumque
758 5173 862 5226 ratione
880 5168 1008 5242 possibile

244 5281 360 5336 unquam
378 5261 475 5325 inerit,
489 5259 609 5333 pecuniis
628 5259 683 5312 suis
702 5257 857 5330 proximum
877 5255 1006 5324 spoliare,

244 5359 271 5400 et
285 5347 322 5400 its
336 5344 527 5398 Saeculariatns
545 5359 646 5414 quoque
656 5340 770 5396 crimine
783 5357 811 5394 se
824 5353 1006 5407 conspurcare.

245 5435 302 5486 iuro
322 5441 348 5486 et
374 5431 517 5486 saecularii
537 5429 633 5484 talibus
653 5426 731 5482 sociis
756 5433 866 5477 utuntur
887 5436 1004 5476 eommu-

666 535 715 590 ne
734 529 907 590 armenus
928 525 1061 598 onmes
1081 523 1345 584 anseranum
1366 545 1428 586 see.

1718 535 1767 592 1118

1069 623 1157 683 nitere
1174 625 1222 691 qul
1241 626 1395 696 praestigiis
1415 627 1470 680 suis
1489 637 1514 682 et
1533 627 1651 696 artibus,
1669 649 1734 703 quas
1753 636 1780 688 in
1795 653 1841 710 pur

1069 703 1139 756 blico
1157 707 1242 758 solent
1258 727 1396 777 exercere,
1410 715 1530 767 alliciant
1550 715 1683 783 homines,
1699 729 1727 771 ut
1738 720 1775 775 ita
1794 725 1837 774 bis
1876 694 1879 700 Ι

1068 790 1222 840 talettailm
1246 797 1477 854 concurrentibus,
1497 808 1524 852 et
1549 800 1661 853 invicem
1690 819 1747 846 arae
1765 823 1838 852 eom.

1067 872 1260 940 primentibns,
1280 874 1338 926 siue
1358 873 1462 938 labore,
1483 884 1509 926 et
1535 877 1642 928 nemine
1659 879 1833 948 advertente,

1067 954 1210 1008 subducere
1227 958 1409 1027 spectantibus
1428 959 1568 1030 pecnmm,
1582 969 1608 1013 et
1620 960 1775 1018 abscindere
1788 967 1837 1017 Ιο-

1068 1040 1138 1092 culos
1158 1057 1192 1092 cx
1209 1050 1270 1093 roto
1295 1043 1404 1114 proprio
1428 1045 1545 1114 possint3
1565 1046 1625 1114 Quo
1650 1043 1749 1100 lineet
1768 1050 1836 1102 oliae
1873 1062 1901 1104 21
1941 1091 1944 1100 .

1068 1125 1188 1180 fortunae
1201 1127 1271 1180 baud
1282 1146 1340 1182 raro
1354 1140 1531 1197 exponuntur,
1544 1149 1610 1202 quae
1621 1130 1653 1183 ad
1669 1132 1718 1186 boe
1731 1136 1834 1190 crimen

1067 1209 1271 1278 perpetrandum
1298 1211 1528 1282 promptissimam
1554 1225 1700 1283 suggerunt
1729 1234 1833 1270 ansam.

1066 1293 1119 1344 llic
1136 1294 1210 1346 euim
1229 1311 1307 1346 nemo
1326 1294 1391 1356 fere,
1404 1294 1458 1347 nisi
1479 1295 1589 1366 pecnnia
1610 1297 1773 1363 instructus,
1793 1320 1835 1354 ac-

1064 1377 1151 1443 cedit,
1165 1387 1190 1430 et
1205 1378 1266 1430 dum
1286 1378 1354 1432 alter
1372 1380 1455 1432 altero
1474 1380 1542 1432 ollae
1560 1381 1668 1452 propior
1686 1398 1742 1434 esse
1762 1382 1832 1435 desi-

1066 1460 1155 1525 derat,
1174 1461 1318 1515 subducere
1337 1464 1474 1533 pecuniam
1495 1462 1573 1516 facile
1590 1474 1709 1535 possunt.
1729 1466 1800 1518 Dine
1819 1485 1833 1519 e

1066 1547 1177 1616 Repulsi.
1192 1565 1257 1611 esse,
1272 1548 1333 1600 talia
1348 1549 1492 1620 spectacula
1512 1550 1688 1602 Joeniaturnm
1710 1551 1834 1617 tollenda,

1064 1632 1109 1699 qui
1123 1631 1286 1702 quaestuaria
1299 1641 1355 1686 arte
1374 1633 1533 1686 exhauriunt
1547 1632 1691 1686 Civitatem
1705 1636 1830 1704 pecunias

1065 1717 1164 1766 sensim
1176 1754 1182 1776 ,
1193 1727 1219 1770 et
1235 1718 1314 1770 veluti
1334 1740 1347 1770 a
1368 1721 1498 1788 voluptate
1511 1717 1606 1789 sopitis
1620 1719 1723 1772 civibus
1743 1730 1831 1772 extor-

1064 1807 1156 1864 quent,
1170 1798 1225 1847 otia
1244 1801 1397 1866 stabiliunt,
1412 1812 1439 1854 et
1450 1798 1558 1853 inlinita
1578 1821 1660 1873 prope
1678 1803 1775 1858 delicta
1787 1807 1829 1858 in-

1064 1879 1211 1942 seminantq
1237 1879 1308 1944 Imo,
1335 1883 1404 1950 qnod
1430 1885 1504 1936 valde
1529 1883 1700 1952 deflendum,
1727 1889 1826 1940 cultum

1066 1959 1193 2011 Divinum
1219 1960 1345 2012 minuunt
1368 1971 1395 2012 et
1421 1963 1528 2025 tollunt,
1548 1968 1663 2030 graviter
1689 1969 1861 2024 admonuit·

1066 2043 1137 2096 Petr.
1155 2041 1235 2111 Greg.
1254 2043 1361 2096 Tholas.
1380 2048 1521 2114 Syatugm.
1534 2047 1591 2117 jar.
1612 2050 1731 2106 univers.
1747 2055 1764 2104 l.
1786 2069 1827 2106 aa.

1065 2146 1087 2182 c.
1103 2139 1126 2178 t.
1145 2146 1173 2182 n.
1195 2139 1237 2180 22.
1257 2126 1333 2180 Cuuf.
1353 2127 1407 2182 Du.
1421 2131 1536 2200 Ziegler.
1549 2131 1574 2184 d.
1589 2132 1694 2189 dissert.
1709 2136 1742 2189 de
1756 2157 1830 2191 eom-

1066 2229 1145 2263 merc.
1158 2211 1198 2262 sle.
1213 2222 1254 2263 ss.

1102 2292 1179 2344 Aliud
1191 2293 1337 2346 remedium
1350 2296 1512 2350 saecularior
1524 2308 1552 2350 et
1564 2298 1729 2355 Directarios
1743 2320 1758 2354 e
1772 2304 1825 2355 Re-
1867 2314 1899 2354 22

1065 2379 1136 2448 publ.
1155 2380 1266 2434 tollendi
1283 2381 1408 2434 consistit
1427 2381 1453 2432 in
1472 2383 1523 2435 otii
1544 2385 1712 2438 severissima
1731 2387 1827 2457 probi-

1063 2462 1179 2524 bitione;
1193 2464 1301 2516 Etenim
1320 2465 1412 2516 Otium
1425 2465 1501 2534 qnasi
1518 2465 1614 2534 Augias
1626 2468 1758 2520 stabulum
1773 2480 1827 2531 est,

1063 2565 1095 2600 ex
1108 2567 1159 2619 quo
1172 2549 1236 2603 ritia
1249 2549 1355 2618 quaeris
1368 2549 1499 2618 originem
1515 2551 1631 2603 trabunt.
1645 2551 1720 2605 Coni.
1735 2553 1827 2624 Carpe.

1057 2631 1171 2700 jurispr.
1190 2633 1294 2686 Eccles.
1312 2633 1331 2684 l.
1347 2642 1373 2682 2.
1387 2633 1413 2684 d.
1434 2643 1493 2685 stt.
1508 2633 1600 2686 Otium
1614 2634 1687 2686 enirn
1699 2637 1827 2688 scelerum

1062 2724 1147 2808 mater
1160 2713 1362 2770 foecundissirna
1381 2723 1438 2782 cst,
1450 2725 1478 2768 et
1491 2715 1553 2770 dum
1570 2718 1689 2787 expertia
1703 2719 1826 2787 agitatio-

1063 2814 1106 2849 nrs
1123 2813 1231 2869 corpora
1249 2807 1324 2861 sunt,
1343 2798 1428 2851 amica
1442 2799 1516 2851 vitiis
1528 2799 1618 2868 quiete
1636 2801 1711 2867 quasi
1731 2799 1825 2852 difflu-

1062 2887 1119 2930 nnt.
1139 2880 1209 2931 Dum
1228 2879 1299 2930 carim
1313 2880 1447 2932 laboribus
1465 2881 1564 2934 assueti
1579 2881 1705 2946 minime,
1720 2899 1769 2934 nec
1784 2885 1827 2934 bic

1061 2964 1129 3035 ipsis
1147 2964 1199 3016 sibi
1226 2981 1316 3035 parare
1340 2964 1441 3018 rictum
1466 2973 1578 3026 uerterat,
1603 2964 1636 3015 ad
1661 2965 1824 3034 nequissima

1060 3050 1211 3120 acquirendi
1225 3067 1321 3120 genera
1340 3067 1423 3120 prono
1436 3051 1537 3120 impetu
1550 3047 1711 3112 dilabuntur,
1721 3057 1750 3101 ut
1763 3049 1827 3102 inde

1061 3135 1203 3205 segnitiem
1223 3135 1255 3186 ad
1275 3132 1384 3186 illicitos
1402 3141 1476 3186 actus
1489 3133 1671 3202 impellentem
1690 3143 1762 3185 recte
1779 3132 1823 3182 di-

1061 3221 1133 3272 xerit
1150 3217 1286 3272 sacratiss.
1306 3219 1430 3287 Imperat.
1442 3216 1471 3268 ia
1492 3217 1611 3271 Novella
1632 3229 1674 3270 tu.
1688 3233 1709 3268 c·
1729 3219 1752 3266 i.
1764 3212 1787 3286 ᾗ.
1804 3227 1825 3267 1.

1061 3304 1134 3354 ilinc
1151 3301 1236 3354 otium
1254 3301 1278 3353 si
1297 3319 1311 3354 e
1330 3300 1442 3371 Itepubl.
1455 3299 1606 3363 sustuleris,
1621 3299 1824 3352 innumerorum

1061 3386 1218 3440 delictorum
1235 3401 1326 3438 ansam
1343 3383 1468 3449 evitabit,
1482 3403 1506 3437 r.
1525 3382 1631 3434 Lethes.
1649 3384 1681 3436 de
1694 3387 1787 3439 Censu
1806 3386 1823 3436 l.

1063 3485 1087 3524 s.
1105 3491 1127 3524 c.
1152 3481 1191 3522 ts.
1211 3489 1240 3522 rr·
1262 3481 1286 3520 2.
1305 3480 1331 3522 et
1340 3485 1415 3541 seqq.
1429 3467 1465 3518 Et
1483 3484 1512 3518 ea
1532 3474 1640 3537 propter
1658 3483 1711 3518 non
1730 3467 1759 3520 in
1777 3485 1828 3518 nna

1060 3554 1170 3626 Reponi.
1188 3563 1278 3606 contra
1296 3551 1396 3605 otiosos
1410 3551 1530 3624 homines
1549 3551 1617 3619 leges
1636 3552 1824 3620 promulgatae.

1062 3637 1222 3702 Alexander,
1242 3636 1346 3690 Scotiae
1364 3638 1434 3700 Rex,
1452 3635 1593 3688 Guilielmi
1618 3633 1715 3699 Filius,
1740 3637 1826 3705 Magi-

1060 3723 1187 3776 stratilrus
1213 3721 1376 3792 imperabat,
1402 3729 1433 3772 ut
1456 3720 1571 3783 otiosos,
1597 3720 1644 3789 qni
1668 3735 1717 3771 nec
1740 3729 1826 3772 artem

1060 3809 1172 3872 scirent,
1186 3823 1234 3858 nec
1252 3805 1443 3876 patrimonium
1461 3801 1602 3868 baberent,
1617 3819 1704 3855 serere
1723 3819 1828 3872 compe-

1060 3899 1177 3955 scerent,
1195 3882 1404 3958 quodomnium
1423 3887 1552 3940 scelerum
1572 3896 1599 3940 et
1617 3887 1782 3954 flagitiorum
1794 3901 1826 3937 ex

1060 3977 1118 4030 otio
1135 3976 1207 4028 relat
1224 3974 1298 4026 fonte
1317 3971 1464 4044 primordia
1489 3971 1628 4024 dimanare
1651 3971 1826 4024 existimaret.

1060 4061 1211 4114 Bncbanan.
1231 4059 1248 4109 1.
1270 4070 1293 4110 t.
1313 4058 1445 4112 Senticar·
1459 4075 1509 4112 rer.
1522 4055 1551 4108 in
1559 4055 1619 4126 fin.
1640 4059 1713 4126 Quae
1732 4055 1825 4126 probi·

1061 4146 1209 4200 bitionesa
1233 4146 1299 4197 Jnre
1317 4142 1417 4195 Divino
1441 4142 1543 4196 alienae
1568 4141 1721 4209 neutiquam
1749 4149 1824 4202 sunt,

1060 4233 1106 4287 sed
1124 4231 1212 4303 potins
1231 4248 1264 4284 ex
1281 4247 1338 4284 asse
1356 4249 1415 4283 cnm
1435 4231 1526 4283 eodem
1540 4228 1703 4300 conspirant.
1717 4228 1826 4280 Etenim

1060 4317 1091 4372 ad
1110 4318 1227 4371 laborem
1245 4315 1324 4367 bomo
1343 4317 1481 4380 nascitur,
1500 4314 1569 4366 sicut
1585 4314 1641 4366 avis
1660 4311 1693 4364 ad
1712 4313 1828 4364 rolatum

1063 4403 1128 4456 Job.
1150 4415 1173 4454 s.
1192 4418 1222 4452 n.
1242 4411 1266 4452 2.
1285 4399 1320 4450 Et
1338 4398 1454 4450 laborem
1483 4415 1610 4450 manuum
1630 4413 1734 4448 suarum
1753 4412 1828 4446 mau-

1060 4488 1168 4544 dneabit
1185 4485 1292 4542 Psalm.
1309 4495 1367 4537 121.
1381 4485 1452 4534 Hinc
1471 4483 1638 4536 severissime
1657 4481 1689 4532 ad
1707 4479 1825 4530 laborem

1059 4573 1196 4644 compellit
1212 4587 1273 4624 suos
1301 4567 1457 4638 Apostolus,
1475 4565 1556 4618 etiam
1571 4564 1661 4616 eibum
1679 4579 1735 4615 nou
1753 4561 1825 4612 labo·

1060 4659 1182 4714 rantibus
1204 4653 1367 4724 denegando.
1389 4663 1413 4704 2.
1437 4651 1522 4702 Ilress
1553 4661 1577 4702 t.
1597 4666 1619 4702 ν.
1649 4657 1687 4699 to.
1708 4656 1735 4700 et
1752 4662 1825 4718 seqq.

1059 4744 1095 4798 Et
1118 4761 1198 4815 penes
1223 4739 1398 4794 Athenienses
1421 4735 1543 4806 specirdis
1566 4737 1610 4787 lex
1636 4743 1693 4786 erat
1722 4733 1824 4786 otiosos

1058 4819 1468 4897 compescens,appellataalpqlae
1486 4814 1547 4877 dira
1556 4835 1638 4887 ,quae
1652 4815 1742 4870 soloni
1756 4816 1825 4868 Dra-

1058 4910 1169 4980 coniqne
1182 4907 1292 4972 Graecis
1304 4903 1401 4971 Legum
1414 4900 1541 4954 latoribus
1553 4901 1683 4968 originem
1696 4897 1826 4960 debct3Et

1057 4995 1165 5065 quidem
1183 4992 1268 5042 Draco
1291 4987 1389 5040 otiosos
1416 4995 1504 5038 morte
1530 4983 1687 5047 mulctabat,
1707 4980 1777 5051 quod
1795 4985 1823 5033 et

1059 5078 1127 5151 apud
1147 5075 1280 5147 AEgiptios
1299 5082 1326 5124 et
1344 5070 1454 5124 Sardoas
1472 5069 1624 5136 obtinebat,
1640 5069 1686 5121 nbi
1704 5067 1820 5137 quilibet

1058 5164 1126 5235 apud
1146 5159 1284 5214 Praesides
1302 5171 1432 5226 exponere
1452 5153 1608 5222 cogebatur,
1623 5153 1693 5205 unde
1707 5152 1822 5215 viveret,

1059 5249 1086 5300 id
1107 5248 1129 5299 si
1154 5261 1207 5296 non
1234 5241 1353 5304 lecisset,
1373 5248 1416 5291 ant
1441 5238 1561 5305 legitime
1586 5237 1714 5302 vixisset,
1734 5246 1823 5289 morte

1057 5331 1233 5402 plectebatur,
1260 5329 1309 5386 uti,
1327 5341 1361 5378 ex
1386 5324 1493 5379 Aliliano
1513 5324 1532 5374 l.
1559 5331 1583 5373 1.
1608 5339 1631 5374 c.
1659 5331 1681 5372 1.
1702 5321 1823 5374 reiernnt

1059 5417 1167 5484 Dionys.
1194 5410 1306 5466 (iudeis.
1326 5413 1365 5466 ad
1386 5411 1460 5464 Ii'ov·
1480 5421 1522 5464 111.
1548 5423 1570 5461 c.
1593 5409 1616 5457 “.
1635 5405 1674 5460 lit.
1700 5411 1729 5461 S.
1750 5407 1821 5459 Patr.
