4504 6344
347 563 402 634 sos
906 563 1196 624 rnotauto
1719 575 1773 646 tot

274 683 330 734 tur
353 656 537 741 debitores,
560 653 615 723 his
639 653 793 727 Dationis
817 657 854 764 in
877 659 1023 727 solutum
1046 661 1263 743 beneficium,
1288 662 1468 756 adquam,
1485 679 1658 764 tamquam
1675 671 1716 739 ad
1733 697 1856 744 sacram

273 755 448 823 anchoram
471 746 649 840 confugere
672 761 748 816 tuto
771 761 913 842 possint,
938 751 1120 858 largiendo.
1142 751 1215 818 llac
1237 754 1328 820 enirn
1346 757 1488 841 ratione,
1505 761 1671 920 quicquid
1688 765 1856 834 maximus

275 847 361 938 juris
384 844 474 934 rigor
497 849 627 932 praeter
649 851 806 907 naturam
829 863 889 932 pro
955 842 1124 934 exigebat,
1149 841 1306 910 infamiae
1330 846 1472 938 quadam
1498 875 1589 922 macu
1606 879 1623 920 a
1640 855 1778 946 insuper
1794 877 1856 923 nc·

274 936 377 1018 tabat,
387 935 453 1000 imo
472 954 531 1022 per
547 927 706 1012 indicem,
732 864 1069 1026 quicquieiinjuriae
1092 957 1130 1001 ac
1152 931 1340 1004 acerbitatis
1363 961 1530 1028 superesse
1553 942 1732 1012 videbatur
1754 945 1792 1011 in
1809 946 1857 1022 ri·

273 1025 403 1120 gidiore
425 1045 444 1088 a
465 1019 687 1088 creditoribus
700 1021 783 1089 facta
798 1025 1001 1105 excussione,
1015 1048 1054 1090 ex
1066 1046 1155 1091 mera
1170 1024 1365 1094 clementiae
1380 1053 1417 1095 ac
1430 1028 1647 1121 benignitatis
1656 1034 1785 1100 ratione
1796 1059 1855 1126 per

272 1128 424 1184 nostrum
439 1110 639 1179 beneficium
652 1112 841 1196 sublatum,
851 1124 885 1180 et
900 1113 946 1178 ita
964 1115 1053 1182 vitae
1067 1114 1206 1206 inopum
1224 1113 1416 1186 debitorum
1432 1141 1507 1211 pros
1569 1139 1657 1190 tuma
1667 1121 1854 1192 Creditori·

274 1207 338 1274 bus
360 1225 455 1289 raro,
478 1225 656 1294 quousque
679 1204 850 1270 actionum
872 1221 907 1271 et
932 1203 1168 1272 excussionum
1202 1207 1361 1276 terminos
1392 1223 1489 1277 exten
1515 1234 1570 1278 ere
1606 1211 1778 1294 debeant,
1809 1237 1853 1280 ne

276 1297 375 1392 plane
398 1293 553 1362 fortunae
573 1293 722 1361 ludibrio
745 1293 944 1362 fluctuantes
967 1295 1134 1362 debitores
1156 1293 1378 1382 suffocentur,
1401 1299 1671 1374 demonstratum.
1706 1303 1759 1372 De
1792 1303 1854 1372 hoc

276 1385 475 1480 aequissimo
497 1396 532 1450 et
555 1383 671 1476 Legali
696 1383 857 1453 beneficio
879 1385 1064 1478 quicquam
1078 1385 1237 1454 disserere
1252 1387 1401 1456 animum
1417 1390 1554 1474 induxi,
1568 1393 1648 1462 dum
1666 1393 1727 1460 boc
1742 1393 1851 1462 ferreo

274 1475 474 1572 praeprimis
495 1475 640 1558 saeculo,
664 1475 725 1543 ubi
747 1476 791 1544 cb
814 1479 918 1545 varias
941 1476 1108 1544 bellorum
1130 1500 1324 1566 aerumnas,
1342 1479 1554 1574 aliorumque
1584 1483 1852 1558 infortuniorum

270 1568 492 1648 calamitates,
517 1590 635 1634 masna
660 1566 849 1634 debitorum
872 1568 1101 1634 obaeratorum
1124 1568 1217 1660 copia
1241 1580 1307 1652 est,
1323 1593 1340 1636 a
1359 1571 1518 1665 rigidiora
1537 1572 1738 1642 creditorum
1770 1597 1850 1654 exe-

269 1659 410 1730 cutione
432 1619 626 1741 liberanda,
650 1658 779 1764 saepius
801 1659 876 1726 lites
898 1657 958 1724 bac
980 1655 1022 1724 de
1044 1681 1080 1726 re
1104 1655 1139 1724 in
1169 1657 1298 1752 jndicio
1329 1661 1455 1728 moseri
1492 1662 1612 1730 solent.
1644 1663 1734 1732 ilinc
1766 1663 1851 1734 haec

277 1750 435 1830 materia,
458 1771 525 1840 qua
550 1748 678 1816 ratione
701 1749 833 1839 inopiae
855 1747 1044 1816 debitorum
1077 1749 1363 1834 subveniendum,
1392 1751 1516 1819 calamo
1543 1753 1847 1822 Celeberrimornm

276 1841 380 1908 nostri
403 1839 524 1906 saeculi
547 1837 713 1910 JCtorum
738 1839 810 1908 Du.
826 1841 953 1923 Marii,
968 1837 1009 1904 Β.
1034 1839 1108 1906 Dra.
1127 1837 1336 1932 Carpzovii,
1354 1842 1428 1908 Dn.
1448 1842 1603 1932 Macri,
1616 1844 1848 1936 aliorumque,

275 1931 458 2012 ventilata,
481 1928 646 1998 dumille
671 1929 874 2018 Levasnen,
899 1932 960 2000 istc
984 1929 1153 2018 Asylum,
1189 1931 1244 1998 hic
1272 1931 1515 2021 Patrocinium
1547 1933 1851 2030 depauperatorum

277 2021 469 2090 debitorum
491 2017 649 2110 deduxit3
676 2021 864 2104 constituit,
887 2044 977 2089 susce
1005 2019 1040 2086 it.
1065 2020 1274 2114 inquibus,
1299 2047 1373 2090 cnm
1399 2025 1498 2091 etiarn
1523 2024 1687 2118 quaedam
1711 2023 1753 2092 de
1786 2025 1852 2092 Be·
1889 2038 1892 2044 '

277 2112 398 2180 neficio
423 2110 576 2180 Dationis
600 2113 635 2177 in
659 2112 804 2180 solutum
828 2113 907 2180 hinc
929 2043 1008 2178 indi
1034 2111 1179 2203 inspersa
1203 2113 1399 2204 reperirem,
1423 2117 1547 2208 etjam
1569 2117 1851 2208 antequoquein

278 2201 562 2295 praelectionibus
586 2201 727 2294 publicis
749 2203 791 2270 ad
816 2201 1005 2271 Nouellum
1028 2200 1060 2290 4.
1084 2214 1257 2294 tamquam
1279 2205 1461 2295 genuinam
1483 2206 1668 2312 praesentis
1697 2205 1854 2272 thematis

274 2291 407 2376 sedern,
430 2291 517 2386 quid
539 2294 745 2386 potissimum
769 2296 856 2388 juris
877 2294 915 2360 in
937 2317 977 2360 eo
1000 2290 1181 2378 obtineret,
1208 2290 1255 2360 ab
1289 2293 1537 2364 Eeceflenttsr.
1570 2293 1645 2364 Dn.
1680 2293 1850 2364 Procride

275 2384 393 2451 doctus
414 2406 530 2450 essem
554 2383 656 2450 Haud
678 2381 800 2454 frustra
822 2409 876 2454 me
898 2405 1034 2476 operam
1055 2381 1289 2450 collocaturum
1304 2383 1448 2475 putavi,
1471 2385 1497 2452 si
1521 2410 1559 2452 ea
1584 2385 1654 2478 ipsa
1670 2409 1741 2453 uno
1756 2385 1853 2478 quasi

277 2473 431 2542 {asciculo
461 2474 673 2567 colligerem,
705 2489 740 2544 et
773 2474 1010 2544 dissertationis
1032 2472 1102 2541 loco
1125 2471 1277 2564 publicae
1300 2475 1510 2542 eruditorum
1533 2471 1732 2551 discussioni
1752 2499 1852 2567 expo-

277 2589 403 2632 nerem.
429 2561 525 2630 llisce
547 2576 581 2631 et
603 2565 695 2649 aliis,
716 2591 780 2636 cen
804 2566 916 2634 fulcris
939 2567 1075 2634 innixus
1097 2564 1235 2630 initium
1270 2565 1375 2632 facere
1402 2565 1569 2648 ducebar,
1601 2565 1660 2634 sed
1686 2588 1851 2636 remoram

276 2653 425 2722 tentanti
448 2653 621 2745 injiciebat
644 2659 802 2726 materiae
825 2657 998 2724 intricatae
1020 2653 1213 2733 difficultas,
1238 2654 1437 2749 ingeniique
1460 2657 1568 2748 impar
1595 2680 1746 2726 acumen.
1777 2655 1856 2724 Dif-

277 2743 459 2814 ficultatem
482 2744 635 2851 quotidie
657 2747 695 2814 in
718 2746 850 2838 judiciis
870 2747 1082 2813 observantes
1097 2744 1170 2812 lites
1185 2743 1432 2832 demonstrant,
1449 2746 1509 2813 hoc
1532 2768 1611 2814 vero
1634 2765 1721 2816 aetas
1735 2767 1856 2838 sugge-

278 2836 392 2918 rebat,
413 2831 578 2928 siqurdem
596 2847 730 2922 respirem
742 2847 788 2902 act
808 2850 947 2923 ἐμπειρίαν
972 2835 1008 2902 in
1027 2835 1167 2904 senibus
1190 2845 1225 2902 et
1245 2834 1371 2904 adultis
1393 2838 1541 2929 reperias
1564 2835 1658 2906 facile
1671 2853 1736 2926 est,
1752 2837 1787 2904 in
1801 2839 1856 2928 ju·

281 2925 428 2998 renibus
451 2949 530 2998 sero
551 2924 698 2995 difficile.
714 2925 799 2994 ltrm

804 3131 900 3205 Seria
922 3133 1012 3205 cene
1034 3157 1120 3204 usus
1140 3133 1188 3202 ab
1210 3138 1329 3204 annis.
1383 3157 1388 3160 ·

285 3341 358 3410 imo
381 3339 431 3408 illi
455 3337 555 3404 finem
578 3337 686 3406 civilis
708 3337 904 3430 sapientiae,
928 3360 1016 3430 quae
1039 3355 1089 3405 est
1110 3335 1248 3418 Prasia,
1272 3336 1459 3426 consecuti,
1482 3335 1707 3431 quibuscum
1743 3359 1861 3428 parunt

285 3435 466 3501 instructus
489 3453 611 3510 essem,
635 3431 756 3496 merito
779 3429 867 3496 intra
891 3427 1128 3498 mediocritatis
1151 3445 1273 3494 sortem
1296 3451 1350 3494 me
1371 3430 1565 3511 continere,
1588 3451 1664 3512 nec,
1688 3427 1782 3520 quod
1812 3428 1863 3492 ri·

285 3523 383 3591 ribus
406 3523 514 3612 impar
535 3537 635 3602 esset,
658 3520 769 3586 conari
787 3519 949 3587 volebam.
973 3517 1103 3586 Verum
1127 3517 1221 3585 enim
1244 3539 1339 3603 aero,
1363 3541 1406 3585 ne
1429 3541 1446 3584 a
1472 3517 1571 3586 semel
1594 3531 1710 3612 coepto
1724 3517 1864 3584 institu-

286 3627 323 3680 to
346 3612 553 3692 desisterem,
578 3609 635 3676 aad
668 3609 710 3675 ad
742 3610 842 3679 linem
876 3610 1026 3678 inchoata
1057 3609 1295 3702 perducerem,
1336 3631 1380 3676 ne
1413 3607 1643 3677 difficultatem
1675 3607 1866 3702 labyrintho

283 3703 490 3786 deterrerer,
514 3699 571 3766 alii
596 3711 743 3766 auctores
765 3700 850 3768 mihi
870 3702 1044 3780 exstitere,
1094 3700 1261 3766 raesertim
1290 3722 1367 3767 cum
1395 3699 1498 3767 ductu
1530 3715 1563 3767 et
1590 3699 1729 3766 oonsilio
1754 3697 1864 3764 domi-

287 3817 409 3860 norum
448 3813 564 3882 praece
590 3807 697 3857 torum
721 3811 872 3857 meorum
908 3791 966 3875 id,
999 3725 1092 3883 quod
1122 3802 1210 3857 aetas
1234 3789 1318 3856 milti
1349 3789 1552 3884 denegabat,
1592 3787 1740 3882 suppleri
1772 3811 1866 3880 posse

286 3881 505 3950 confidebam.
546 3815 635 3948 ilinc
673 3903 734 3974 pro
773 3881 879 3964 virili,
920 3901 1087 3975 quantum
1121 3881 1156 3946 in
1191 3895 1255 3948 me·
1279 3879 1371 3967 fnit,
1405 3905 1541 3974 operam
1572 3879 1723 3973 impendi
1757 3891 1863 3945 tenta·

291 3997 394 4068 atque

817 4176 1033 4273 Quidferre
1056 4194 1228 4264 recusent,

765 4270 863 4364 Quid
886 4269 1025 4340 valeant
1047 4267 1192 4337 inumeri.

1231 4377 1239 4422 t

289 4479 388 4570 Quae
408 4487 542 4570 capttrrn
565 4499 721 4570 superare
736 4475 952 4562 videbantur,
966 4475 1177 4547 Consultiss.
1196 4474 1270 4544 Da.
1288 4471 1471 4543 Praecidit
1487 4469 1745 4540 manuductione
1761 4495 1864 4538 man-

287 4569 388 4652 tlari,
412 4567 505 4676 quod
527 4565 665 4636 diffiteri
689 4593 758 4637 non
780 4572 953 4650 emhescm
978 4569 1063 4661 quip
1130 4566 1163 4632 id
1188 4569 1281 4635 omni
1306 4587 1385 4634 aero
1408 4561 1500 4632 laudi
1523 4563 1641 4632 datum
1666 4579 1714 4631 cst
1742 4586 1759 4630 a
1783 4585 1864 4656 pru-

292 4659 524 4744 dentioribus,
549 4682 617 4727 non
641 4681 782 4753 negare,
804 4685 866 4766 per
888 4683 971 4754 quos
1004 4682 1063 4750 pro
1078 4658 1189 4726 aceris.
1224 4659 1297 4726 Non
1327 4668 1441 4724 antem
1470 4679 1573 4722 vanae
1602 4651 1774 4746 gloriolae,
1804 4675 1865 4720 nec

279 4752 544 4838 ostentationis,
579 4747 636 4818 sed
664 4750 813 4819 exercitia
846 4775 939 4820 causa
971 4751 1050 4818 haec
1084 4751 1236 4834 tentari,
1266 4748 1410 4841 ideoque
1439 4746 1466 4816 si
1497 4746 1622 4815 alicubi
1652 4745 1764 4838 lapsus
1793 4744 1867 4811 fue·

293 4866 348 4922 ro,
372 4843 529 4910 teneriori
563 4840 680 4925 aetati,
713 4840 863 4910 discendi
887 4841 994 4908 adhuc
1021 4837 1159 4931 cupidae
1192 4839 1228 4908 id
1255 4841 1454 4934 aequamine
1494 4837 1614 4908 Lector
1644 4837 1863 4908 condonabis.

292 4931 417 5020 DEUS
455 4929 534 5027 Opt.
567 4928 656 4998 Μαι.
695 4931 775 5000 baec
813 4957 884 5000 mea
916 4931 1089 5000 conamina
1123 4930 1311 5000 felicissimo
1346 4953 1495 5001 successu
1530 4930 1629 4998 beare
1662 4951 1730 4998 nou
1769 4931 1863 5004 dedi-

290 5038 426 5118 giratur.
