4482 6328
806 501 855 558 ott
871 493 1061 556 mensotis
1078 491 1224 554 miili·

836 683 866 754 G
888 681 918 752 Α
940 680 969 750 P
993 681 1025 750 U
1047 680 1078 749 Τ
1111 677 1182 750 .1V.

796 882 853 952 De
880 879 1055 952 clausulis
1079 877 1223 973 Ineptie.

423 1117 446 1171 ι·
465 1115 493 1170 U
504 1109 541 1164 ll
553 1105 588 1162 dl
601 1103 630 1160 A
646 1103 673 1158 n
690 1100 752 1156 Μ
1029 1107 1063 1154 ιι.
1081 1096 1114 1151 de
1130 1096 1204 1152 dien·
1213 1093 1294 1166 send
1311 1113 1339 1165 ρ.
1357 1105 1398 1149 ιι.
1414 1092 1532 1165 aliisque
1545 1091 1634 1147 Plures
1652 1093 1775 1147 clausulas

1029 1181 1131 1252 ineptas
1148 1180 1177 1233 iu
1194 1180 1243 1236 hae
1259 1180 1336 1233 unios
1359 1178 1469 1232 materia
1485 1175 1519 1229 de
1536 1175 1615 1230 ieudo
1630 1176 1777 1230 haeredita-

239 1280 386 1340 cpmaaa
403 1277 510 1349 ineptae
526 1269 681 1347 quanam?
697 1285 725 1320 ιι.
745 1273 767 1318 ι.
1031 1265 1074 1318 rio
1091 1263 1197 1333 collegit
1212 1260 1368 1318 Gothoired.
1388 1263 1483 1315 tuton
1502 1252 1569 1330 disp.
1578 1255 1659 1330 find·
1677 1269 1698 1312 ι.
1708 1263 1775 1314 ιιιιι.

245 1365 374 1422 cpwupa
390 1363 478 1434 W
496 1363 518 1416 1,
536 1377 564 1412 η,
583 1368 607 1409 2,
1029 1357 1057 1402 ι.
1069 1346 1107 1400 ὶὶι.
1121 1347 1156 1402 Ι).
1170 1348 1229 1402 Huc
1240 1345 1320 1402 niret
1332 1361 1409 1416 vam
1422 1343 1535 1414 explicat
1547 1341 1659 1396 Nielliue
1670 1341 1736 1410 disp.
1751 1354 1774 1395 4.

246 1450 375 1506 Clausala
392 1449 429 1502 11.
447 1445 501 1500 111.
518 1443 567 1497 tt<
586 1457 613 1492 ιι.
632 1448 655 1491 ³·
1031 1432 1095 1483 stes.
1109 1443 1133 1482 t.
1143 1431 1182 1483 lit.
1195 1433 1231 1485 Β.
1243 1430 1347 1484 seilicet
1358 1439 1387 1484 ιιι
1397 1425 1514 1481 aanor
1526 1425 1640 1497 ριιιιιιίιι
1657 1425 1695 1480 ad
1705 1425 1775 1480 diem

244 1531 372 1588 amp,
395 1531 426 1582 γ,
445 1545 472 1579 η,
494 1535 517 1576 ι.
1033 1511 1397 1584 nonsolatafflignaasstndi
1412 1509 1633 1566 naminelsadeat
1648 1521 1670 1562 t.
1683 1509 1719 1561 F.
1735 1517 1775 1562 rt.

247 1611 376 1668 amula
398 1611 445 1665 VJ.
464 1625 492 1660 η.
512 1617 536 1658 ι.
1034 1608 1060 1653 ιι
1077 1609 1101 1650 ι.
1118 1599 1151 1652 F.
1171 1610 1211 1650 tt.
1231 1599 1303 1668 Quae
1319 1608 1346 1652 et
1362 1600 1420 1667 iure
1437 1595 1509 1650 civili
1526 1594 1688 1664 improbatur
1706 1591 1776 1659 Ls·

246 1693 351 1765 Quietae·
361 1689 481 1762 napibus
492 1681 620 1740 otomatis
627 1677 745 1750 findam
758 1674 868 1746 aliqaod
873 1673 910 1730 sit
920 1691 985 1730 cott-
1034 1681 1066 1736 0.
1084 1679 1115 1734 de
1130 1690 1200 1751 part.
1216 1682 1288 1754 pige.
1300 1681 1338 1733 Eo
1349 1679 1417 1749 quod
1428 1677 1544 1730 moribus
1556 1677 1673 1731 bononis
1690 1677 1778 1729 adrer-

279 1779 397 1834 πων...
404 1778 420 1830 p
436 1793 463 1826 η,
482 1785 506 1826 t.
1006 1783 1007 1786 ¹
1035 1772 1119 1815 satur:
1136 1763 1207 1831 qnod
1223 1761 1318 1830 probat
1337 1761 1465 1814 Douessrn
1476 1759 1505 1811 in
1517 1759 1542 1812 d.
1556 1756 1606 1827 if
1619 1761 1651 1814 C·
1665 1759 1697 1812 de
1705 1767 1776 1827 past.

243 1861 374 1919 carnale
390 1855 524 1928 superflua
535 1861 561 1906 st
572 1865 641 1921 qnae
658 1862 761 1917 semper
775 1839 987 1914 subintelligitur·
1031 1845 1136 1914 pignor.
1153 1863 1225 1898 num.
1246 1854 1268 1897 4.
1286 1854 1313 1898 ιι
1330 1855 1358 1896 ι.
1371 1843 1494 1912 Quamsis
1519 1859 1573 1896 nou
1596 1857 1718 1910 negemus
1735 1841 1780 1911 pi·

279 1948 303 2000 1,
319 1963 348 1997 η,
367 1954 391 1994 e,
1034 1945 1098 1997 enus
1110 1945 1159 1998 per
1167 1927 1288 1983 inutilem
1302 1927 1368 1980 hauc
1379 1923 1451 1978 leudi
1463 1925 1676 1978 constitutionem
1691 1925 1778 1978 estiu-

250 2026 380 2080 Claasnla
396 2019 534 2094 sapeplaa
550 2019 590 2072 11.
609 2017 661 2070 111.
679 2029 706 2065 ιι.
726 2025 750 2066 ι.
1034 2021 1104 2064 etum
1121 2029 1173 2064 nou
1190 2028 1252 2065 ease.
1271 2012 1349 2064 Extra
1366 2025 1452 2061 ossum
1470 2007 1588 2078 pignoris
1606 2007 1667 2060 iruic
1684 2009 1782 2060 deusa-

1038 2096 1077 2148 lsa
1094 2095 1123 2147 ia
1140 2093 1225 2148 leudis
1242 2097 1326 2148 ιοοιιιιι
1344 2109 1400 2146 esse
1417 2108 1475 2146 cura
1494 2090 1643 2144 nonesto.
1660 2087 1780 2158 defined.

1036 2195 1058 2231 a.
1077 2192 1101 2232 s.
1118 2185 1139 2242 ς.
1159 2189 1200 2233 ts.
1218 2179 1292 2232 idem
1314 2177 1426 2232 ittetttus
1449 2185 1603 2247 propugnet·
1621 2177 1673 2230 titt
1692 2187 1780 2230 tamen

202 2287 212 2326 ¹
285 2223 442 2330 Clausulas
456 2265 531 2323 utiles
546 2265 649 2334 ineptae
666 2259 808 2330 excipiunt,
825 2267 855 2312 θῑ
866 2264 928 2310 ῦῠῦῑ
942 2264 985 2308 ⁸⁰·
1036 2261 1140 2330 subicit,
1156 2263 1293 2315 clausulam
1313 2273 1413 2332 pastura
1425 2259 1585 2314 addictiouis
1598 2260 1627 2314 in
1640 2260 1710 2314 diem
1721 2275 1784 2315 ean·

248 2357 286 2408 les
299 2352 411 2424 periodi,
423 2369 491 2420 qaae
507 2350 535 2402 ιἰι
552 2343 732 2402 contraditus
743 2352 769 2396 et
779 2337 989 2409 obligationibus
1036 2340 1390 2418 tinentemlpntazsnndnm
1403 2345 1491 2412 accipe
1502 2341 1654 2412 infindunt
1664 2363 1715 2414 pro
1726 2359 1784 2400 too.

236 2435 398 2505 ⁸sendselt'dses
412 2431 525 2502 positae,
536 2439 583 2488 aul
594 2428 696 2498 aliquid
712 2425 816 2496 quidem
833 2431 988 2493 operantur,
1038 2427 1126 2481 aureis
1144 2429 1200 2482 nisi
1216 2427 1290 2482 intra
1309 2436 1425 2480 mensem
1448 2425 1505 2496 qais
1518 2427 1579 2497 plns
1595 2427 1737 2498 obtulerit)
1755 2429 1785 2480 in

246 2519 294 2572 sed
305 2535 362 2572 Μ
373 2533 415 2582 ⁰⁰,
428 2533 496 2586 luat
507 2513 614 2582 operari
624 2511 761 2573 debebatis
774 2518 822 2562 ω
833 2506 989 2577 “illisione
1037 2513 1123 2567 iendis
1140 2515 1217 2586 palene
1235 2531 1263 2566 se
1280 2531 1333 2568 nun
1350 2512 1501 2574 admittere,
1517 2512 1635 2581 mmsis
1651 2514 1678 2566 d.
1695 2514 1712 2564 l.
1733 2513 1784 2568 tto-

249 2609 402 2672 aperasttar,
421 2609 447 2652 et
461 2597 553 2652 salsior
569 2595 704 2667 ἰιιριιβιιι
720 2592 886 2646 adhiheatur.
926 2631 929 2642 .
1039 2597 1146 2650 mathai
1163 2597 1211 2650 hoe
1229 2606 1330 2650 statuat
1350 2595 1427 2650 Retio
1451 2595 1545 2648 Niellii
1566 2595 1629 2648 haee
1650 2606 1702 2660 est,
1719 2597 1788 2666 qnod

199 2697 214 2737 ι
284 2685 322 2738 Ex
339 2682 408 2748 istis,
425 2699 489 2752 qnae
507 2681 584 2734 utiles
594 2676 701 2749 quidem
719 2675 748 2727 in
767 2692 804 2740 sc,
822 2691 875 2728 nou
893 2683 989 2740 tamen,
1038 2679 1087 2734 hoo
1103 2696 1162 2734 caso
1177 2697 1237 2735 rere
1251 2681 1301 2734 *sub
1317 2679 1589 2750 praetextupeoauise
1602 2676 1707 2731 leudam
1724 2697 1786 2733 con·

252 2785 310 2821 curu
330 2767 360 2818 iu
380 2763 554 2817 contractibus
578 2757 723 2814 feudalibus
748 2773 893 2820 seruntur,
915 2771 990 2826 prae·
1039 2762 1154 2827 cedatne,
1171 2781 1230 2815 cnm
1248 2763 1297 2815 hoe
1314 2778 1435 2832 expresse
1445 2770 1511 2816 vetet
1518 2779 1558 2832 pr.
1576 2772 1598 2813 ι.
1611 2761 1644 2814 F.
1656 2771 1697 2814 tt.
1710 2761 1788 2830 Quod

248 2861 327 2917 stant,
344 2866 408 2921 quae
425 2859 552 2919 praestare
569 2844 709 2907 deberem,
728 2849 805 2906 sunt,
823 2851 851 2894 nt
867 2855 992 2908 compen·
1040 2846 1111 2898 enirn
1128 2861 1160 2899 ex
1177 2862 1265 2898 amore
1281 2861 1340 2912 erge
1352 2846 1497 2899 vassallum
1508 2843 1571 2898 haec
1589 2844 1722 2899 eouoemio
1735 2861 1788 2898 nan

251 2931 389 2997 diodieam,
407 2929 525 3000 superius
537 2931 590 2996 jam
603 2936 658 2980 tum
672 2923 827 2994 aliquetenus
842 2922 992 2975 emacitas.
1040 2925 1095 2992 fiat,
1113 2928 1158 2983 aed
1176 2929 1255 2982 salius
1272 2931 1337 2984 inari
1354 2931 1448 2999 gratia,
1467 2927 1531 2983 inde
1548 2929 1715 2986 manifestum
1733 2941 1787 2996 est,

248 3039 272 3070 r.
288 3035 312 3087 g·
332 3017 361 3070 Si
380 3017 440 3086 quis
458 3013 562 3066 lendum
574 3009 715 3066 concedere
726 3007 845 3077 cupient,
863 3005 911 3060 bac
926 3005 994 3060 clao-
1040 3012 1108 3082 qaod
1126 3015 1180 3080 ejus
1199 3011 1305 3066 seudum
1322 3030 1377 3068 osse
1394 3015 1458 3077 vult,
1475 3013 1521 3083 qui
1539 3013 1684 3066 marimum
1696 3033 1743 3086 pro
1755 3034 1785 3069 eo

179 3085 181 3092 ’
249 3101 306 3154 auia
317 3095 630 3166 macedutqaadlsadeat
643 3104 779 3162 tamqnam
790 3089 995 3160 rempropriam
1042 3095 1156 3167 pretium
1178 3096 1288 3152 afferret.
1309 3097 1380 3166 Quae
1397 3105 1437 3150 est
1453 3096 1498 3148 illa
1521 3097 1716 3163 benevolentia,
1741 3099 1788 3153 ubi

250 3193 278 3236 et
290 3183 411 3238 liderasn.
429 3183 525 3234 Omnes
542 3179 640 3242 rident,
659 3177 684 3230 s't
700 3192 752 3229 nan
772 3191 893 3245 expressa
911 3170 996 3228 fideli*
1043 3197 1096 3232 non
1112 3195 1223 3250 persona
1240 3179 1286 3232 sed
1303 3179 1416 3251 pretium
1426 3177 1572 3251 spectaturi
1586 3179 1653 3234 illud
1667 3198 1728 3236 sane
1741 3182 1786 3237 be-

250 3267 312 3318 tatis
330 3265 430 3319 mentio
453 3261 500 3316 fiat
510 3301 519 3330 ,
544 3270 585 3316 aut
608 3263 659 3314 alis
684 3257 784 3312 iudicia
802 3267 995 3327 sternumenta
1044 3260 1168 3318 nefiaiwa
1186 3265 1292 3318 eaualio
1310 3281 1363 3316 non
1381 3263 1447 3330 erit,
1464 3261 1532 3334 quod
1550 3263 1674 3317 mediocri
1692 3267 1788 3334 pretio,

249 3345 398 3404 fidelitatem
414 3346 549 3416 arguentia
565 3344 660 3408 adsint,
677 3342 784 3396 feudum
799 3342 822 3395 ri
838 3341 929 3396 hornan
941 3359 997 3396 rer·
1046 3345 1151 3398 donnm
1166 3347 1251 3399 earirss
1268 3345 1413 3401 distrahere
1424 3363 1477 3400 nou
1491 3347 1598 3410 calente,
1616 3345 1668 3400 sibi
1685 3365 1788 3418 eamps-

251 3432 343 3484 borum
359 3447 412 3484 uon
430 3427 500 3496 fieri,
517 3439 543 3484 et
559 3427 766 3496 hoc.srapliatnr
787 3425 818 3478 in
840 3434 874 3478 tr.
899 3423 995 3482 Parid-
1046 3428 1122 3484 rasit.
1140 3429 1299 3500 Quemquam
1317 3429 1340 3482 si
1357 3427 1390 3483 ed
1408 3445 1492 3482 mores
1510 3429 1649 3483 hodiernos
1673 3427 1720 3486 hoe'
1745 3449 1789 3484 ne-

253 3515 286 3568 de
303 3517 469 3585 Pataopag.
492 3522 549 3564 ιιι.
570 3527 598 3563 ιι.
619 3523 643 3564 ι.
663 3509 788 3579 Quamvis
812 3507 870 3578 quis
887 3509 917 3561 in
933 3524 996 3562 eon·
1043 3509 1140 3578 aonam
1159 3511 1349 3576 examinemus,
1369 3511 1415 3563 nbi
1431 3511 1501 3564 nihii
1517 3510 1694 3582 frequentius,
1712 3533 1789 3585 qoam

253 3607 338 3650 inciti
355 3592 443 3648 fidelis
459 3593 618 3666 appelletur,
637 3607 682 3644 seu
699 3606 821 3660 expresse
837 3588 995 3658 interantur,
1045 3596 1128 3663 majus
1145 3596 1256 3666 pretium
1274 3593 1539 3666 offerentiadeigmre
1557 3595 1672 3664 feudum,
1685 3610 1789 3653 comm.

252 3681 286 3734 do
310 3681 409 3734 ιἰιιιαιι
434 3679 505 3733 dona
524 3675 607 3748 fideli
627 3679 694 3727 ineo.
721 3675 825 3727 Poterat
846 3673 918 3726 enim
941 3689 995 3726 nou
1044 3677 1113 3730 riusa
1133 3675 1201 3732 iarte
1217 3676 1480 3734 tentamentum:
1494 3682 1585 3734 Plures
1597 3681 1674 3749 hujus
1689 3679 1789 3735 larinas

253 3763 351 3819 iutuitu
368 3761 617 3825 borumrerborum,
635 3757 805 3812 solatiorum
822 3757 874 3826 jam
891 3753 996 3826 pridem
1044 3761 1167 3816 ιιιιιιιιιι
1188 3779 1221 3816 ιι
1245 3763 1418 3818 ιοιιιιιιιίιιιιι
1440 3763 1587 3818 laudalibos
1612 3765 1671 3816 Di).
1696 3764 1790 3836 produ-

252 3843 339 3900 fidelis
350 3850 388 3902 ael
402 3846 523 3900 eusealius
541 3844 662 3908 existere,
675 3841 728 3894 inao
742 3848 832 3910 potest
844 3841 924 3893 etiam
939 3837 994 3894 ieu·
1045 3855 1116 3910 eunt,
1133 3862 1195 3915 ques
1214 3845 1325 3913 diligens
1343 3849 1418 3902 lectio
1436 3848 1574 3920 unicuique
1591 3847 1671 3900 dabit.

254 3931 316 3982 dum
334 3947 387 3982 uon
404 3929 500 3983 habem
524 3924 676 3980 fidelitatem
697 3933 829 3996 praestare
847 3941 870 3976 ι.
888 3933 921 3974 tr.
938 3925 995 3976 Pa·
1080 3928 1121 3984 tt
1138 3946 1180 3982 eas
1196 3946 1265 3984 nunc
1288 3929 1446 3996 deferimur,
1464 3949 1529 4001 quae
1547 3930 1617 3982 nihil
1633 3943 1788 4000 operentnre
1826 3946 1839 3987 t

254 4014 303 4066 rid.
322 4013 354 4065 de
372 4015 459 4066 Putea
483 4013 560 4080 alleg·
578 4011 629 4064 loe.
646 4007 775 4079 imprimis
793 4025 820 4060 ιι.
841 4020 864 4060 ι.
882 4015 909 4060 ιι
924 4021 993 4077 seqq·
1046 4022 1073 4065 et
1088 4029 1142 4081 eae,
1160 4023 1186 4068 ut
1201 4012 1281 4068 serbo
1298 4029 1341 4069 me
1358 4014 1508 4085 expediam,
1527 4023 1588 4066 sunt
1604 4033 1707 4083 omnes,
1725 4034 1790 4086 quac

254 4096 287 4148 Et
305 4097 365 4150 haee
388 4098 478 4150 omnia
501 4095 580 4150 dubio
602 4105 696 4148 urent.
714 4093 824 4146 Tantum
843 4093 890 4147 hoe
907 4111 994 4148 mane·
1044 4093 1120 4148 bouia
1145 4094 1311 4150 adversentur
1332 4096 1457 4150 moribus.
1482 4095 1574 4165 leis
1601 4109 1622 4150 t.
1646 4095 1787 4152 Clausala:

254 4197 321 4246 mus,
338 4181 359 4234 si
378 4178 444 4233 iorte
460 4180 518 4250 quis
536 4178 660 4232 insiderit
672 4179 700 4231 in
714 4179 791 4247 alleg.
810 4186 886 4230 ιιιιιι.
898 4177 993 4232 ran'd.
1043 4177 1147 4230 ιιιιιίιιο
1166 4178 1217 4234 liii
1232 4178 1451 4251 ingratitudinem
1465 4176 1612 4249 suturam,
1631 4183 1679 4236 asel
1694 4182 1788 4236 dolam

253 4269 286 4320 de
300 4274 355 4333 pat.
372 4265 398 4318 d,
415 4265 433 4316 l.
451 4283 477 4316 n.
498 4276 521 4316 s.
539 4261 711 4334 deprehendet
724 4271 853 4314 auctorem
871 4270 992 4325 statuere,
1044 4259 1094 4313 rid.
1113 4261 1237 4314 liosentlt·
1254 4279 1277 4315 e.
1297 4277 1321 4317 e.
1338 4270 1362 4324 i.
1380 4272 1421 4317 ιι.
1440 4263 1522 4316 Dolus
1541 4262 1612 4320 aairu
1629 4263 1731 4320 iuturus
1746 4285 1787 4320 re-

255 4352 279 4402 si
295 4347 415 4402 domium
432 4346 572 4400 concedens
590 4346 665 4413 boon
685 4344 910 4414 sibiqneflretineat
926 4343 995 4396 dire·
1045 4343 1114 4398 mitti
1132 4361 1184 4397 non
1202 4354 1286 4415 potest
1306 4346 1324 4400 l.
1350 4355 1392 4397 ιι.
1405 4343 1447 4413 ff.
1471 4344 1504 4400 de
1527 4351 1558 4403 lt.
1576 4347 1605 4400 J.
1623 4346 1641 4399 1.
1665 4362 1686 4400 ι.
1705 4356 1726 4410 ς.
1747 4361 1786 4403 ιι.

253 4445 323 4485 etum
339 4431 493 4494 dominium,
511 4430 640 4484 concessio
657 4427 768 4482 feudalis
780 4427 994 4498 praesumaturin
1045 4428 1166 4495 Depositi
1179 4429 1198 4480 l.
1219 4442 1258 4482 ιι.
1280 4427 1446 4484 Commodat·
1475 4429 1544 4500 Quia
1567 4429 1615 4483 loc
1637 4429 1732 4484 inritat
1755 4430 1788 4484 ad

255 4515 348 4568 dubio:
359 4512 403 4567 sed
414 4521 530 4584 respecto
541 4511 759 4582 subsequentium,
766 4511 919 4581 praesertim
933 4527 959 4562 ιι.
969 4521 993 4562 ι.
1043 4513 1252 4584 delinquendum.
1273 4513 1327 4568 Nee
1348 4513 1434 4568 obstat
1450 4513 1468 4566 l.
1488 4524 1530 4566 st.
1549 4519 1569 4578 ς.
1592 4525 1615 4566 ι.
1632 4513 1664 4566 de
1679 4515 1765 4581 pastis
1774 4553 1784 4579 ,

258 4599 310 4651 aibi
335 4596 437 4650 ridetur
460 4597 642 4649 contradicere.
660 4595 713 4648 ttos
732 4611 792 4648 sero
809 4610 946 4664 aegeum,
963 4610 995 4646 ex
1044 4597 1090 4650 nbi
1109 4597 1220 4651 dicitur:
1237 4598 1303 4654 iliad
1319 4597 1395 4653 ranila
1410 4597 1535 4668 passiam
1553 4593 1630 4668 efflei
1643 4605 1738 4664 poten,
1751 4615 1786 4652 ne

254 4682 308 4734 sole
324 4679 469 4734 remotione
481 4679 573 4732 directi
587 4679 697 4732 dominii
715 4677 746 4731 ad
765 4677 837 4730 leudi
854 4679 995 4732 consenio-
1044 4681 1121 4738 dolus
1135 4691 1289 4747 praestetur,
1308 4681 1427 4751 quamvis
1443 4679 1470 4734 si
1484 4679 1543 4751 qais
1558 4677 1727 4749 paciscatur,
1747 4701 1782 4736 ne
1872 4696 1876 4704 ’

254 4780 315 4816 nem
327 4762 444 4816 muclodi
461 4779 542 4832 posse,
558 4772 586 4814 ut
596 4763 682 4834 potins
695 4760 881 4828 existimemus,
892 4779 922 4816 eo
934 4779 995 4816 casu
1042 4766 1155 4835 depositi
1170 4775 1250 4838 agat,
1268 4765 1300 4822 vi
1315 4765 1371 4836 ipsc
1390 4764 1419 4819 id
1430 4773 1523 4835 paetus
1540 4761 1681 4830 videatur,
1700 4781 1734 4818 ne
1752 4762 1785 4818 de

254 4848 321 4900 bona
339 4845 370 4898 iu
387 4845 572 4900 usumfructum
591 4845 650 4900 dats
666 4861 730 4899 esse.
1041 4849 1104 4904 doio
1121 4859 1186 4920 agat
1201 4849 1273 4920 qnod
1293 4858 1402 4920 partam
1424 4847 1549 4920 proderit·
1569 4844 1621 4901 Sed
1638 4847 1783 4916 respondeo

291 4929 365 4985 idem
378 4928 540 4982 sentiendum
558 4929 590 4983 de
606 4931 726 4997 causale,
744 4929 777 4983 do
797 4929 846 4986 lidi
859 4940 886 4985 et
902 4933 993 4986 itaera-
1042 4949 1075 4988 ιι
1092 4935 1223 4988 comuni
1242 4935 1300 4987 titt.
1319 4933 1424 5002 Regula,
1442 4933 1522 4986 multa
1539 4946 1662 5000 expressa
1679 4947 1784 4996 nocere,

256 5015 339 5076 didas,
357 5030 406 5082 qus
422 5022 516 5082 putant
533 5011 601 5065 haut
616 5014 689 5084 pauci
708 5012 758 5067 nd
777 5015 817 5067 aei
834 5016 911 5084 piane
933 5015 990 5068 itae·
1042 5033 1107 5085 quae
1124 5024 1210 5069 lernen
1227 5033 1280 5070 nou
1298 5031 1418 5088 expresse
1435 5032 1489 5070 non
1506 5023 1607 5068 uoeeut
1622 5015 1651 5069 si
1661 5031 1783 5086 expresse

255 5095 406 5152 reditariom
418 5097 456 5151 sel
469 5094 665 5150 haerediterium
675 5097 784 5152 mistura
796 5094 865 5152 effici
878 5095 992 5152 tendum.
1041 5099 1100 5171 quis
1118 5100 1273 5163 mureniret,
1291 5117 1325 5154 ne
1342 5100 1375 5152 de
1391 5099 1449 5152 dolo
1466 5111 1558 5170 ageret,
1576 5109 1677 5170 pactum
1695 5107 1786 5170 utpote

255 5184 351 5234 Veram
374 5180 477 5232 illoram
507 5191 656 5248 :rgumenta
678 5183 707 5234 in
732 5179 861 5253 prioribus
885 5197 992 5236 excussa
1041 5185 1183 5252 contraius
1200 5183 1330 5254 publicam
1355 5178 1491 5238 infirmum
1516 5193 1599 5248 esset,
1621 5202 1697 5246 earn,
1720 5200 1785 5252 qnae

255 5273 315 5315 aunt
331 5270 357 5315 et
374 5261 435 5314 ltine
452 5261 544 5316 indes
564 5263 616 5315 nt.
635 5264 811 5328 excutiuntur,
829 5273 914 5334 utpote
925 5264 993 5318 Kni-
1041 5269 1108 5340 juria
1127 5267 1224 5339 publici
1248 5277 1321 5330 snut,
1347 5276 1431 5338 partes
1454 5267 1585 5322 remittere
1603 5267 1783 5320 convaleant.

255 5345 315 5397 ‘¹¹5⁰
328 5344 359 5399 ὦ
370 5343 460 5398 Μ’·
469 5356 538 5414 Μ’·
547 5367 572 5415 Ρ·
583 5361 605 5401 ¹·
616 5365 667 5416 W
678 5364 701 5402 θ·
716 5357 739 5398 ²·
750 5345 889 5416 illimem·
902 5345 989 5406 nato.
1040 5353 1128 5410 Tacite
1146 5362 1230 5410 tamen
1248 5351 1272 5405 si
1291 5351 1439 5408 admittatur
1457 5351 1582 5421 eiusnodi
1602 5361 1712 5422 metum,
1726 5353 1783 5422 jura

361 5431 464 5504 aloysii
484 5431 542 5485 Vol.
558 5435 582 5487 1.
1581 5447 1609 5489 ts
