4424 6340
307 551 339 616 ts
743 544 795 597 nu
817 541 1036 600 consenior.
1055 511 1228 598 corvam.
1246 547 1325 601 rso.
1728 555 1762 618 44

236 651 310 704 Titii.
332 663 375 701 to.
396 643 419 718 5.
440 643 490 699 ΠΙο
508 641 551 696 iib'
565 659 627 712 pen.
638 637 679 710 ff.
698 639 826 694 ,isandeo
846 639 874 691 in
893 659 942 710 qua
957 641 1005 691 bac
1028 637 1033 710 Ι
1058 639 1135 706 dnm,
1155 643 1194 694 rel
1212 661 1263 712 quo
1284 645 1416 697 existente
1430 645 1580 699 solvendum
1597 649 1627 700 L.
1644 661 1683 701 ts.
1698 649 1721 724 5.
1739 665 1788 724 rr„⁸
1791 652 1825 722 ff

229 736 337 787 ratione
355 731 523 784 contrabitur
542 727 710 786 mandatum
730 727 870 778 Jarolenns
896 725 1005 776 mandat

228 816 403 888 Sempronio,
416 826 445 866 ut
457 813 531 868 Titio
543 812 633 863 credat
645 810 781 878 octoginta
802 808 850 860 snb
868 817 942 859 certo
961 807 1002 876 pi-

229 921 325 974 acore:
342 900 510 973 promittitq:
524 897 674 956 Jarolenns,
688 911 717 947 se
730 897 758 946 in
772 894 838 944 barac
855 892 1002 962 pecuniam,

233 999 261 1041 et
273 985 398 1057 cpsicqnid
411 999 549 1035 usurarum
564 981 672 1034 nomine
684 979 837 1041 accesserit,
851 977 1003 1030 indemnem

1055 727 1089 779 de
1118 729 1150 780 V.
1173 729 1203 780 0.
1224 733 1255 782 L.
1275 730 1407 782 insulam.
1428 730 1536 801 tazff.
1555 733 1614 784 eod.
1639 735 1708 804 quod
1734 739 1823 810 ipsum

1055 829 1132 882 qnam
1153 813 1269 865 maxime
1287 812 1468 883 frequentatur
1486 817 1515 867 in
1534 817 1750 886 stipulationibus
1761 841 1823 876 con-

1054 895 1261 963 ventionalibus,
1280 900 1402 968 quoniam
1422 901 1451 951 in
1471 900 1525 952 illis
1543 903 1687 955 contractui
1709 903 1822 960 formam

1057 981 1243 1034 contrahentes
1261 983 1325 1036 dant
1336 985 1368 1036 l.
1379 984 1408 1038 in
1423 974 1695 1040 Confectionolibus.
1717 999 1758 1060 ⁵7·
1777 1007 1821 1058 pr.

231 1073 365 1124 rationem
393 1065 547 1136 Sempronii
573 1073 780 1135 praestaturum,
799 1070 826 1114 et
843 1063 948 1132 quidem
971 1077 1004 1115 ex
1045 1061 1087 1132 ff.
1105 1065 1131 1116 d.
1149 1076 1168 1115 t.
1187 1067 1225 1118 Ut
1243 1066 1306 1119 adeo
1324 1069 1442 1120 libertati
1456 1069 1573 1138 ipsorum
1586 1089 1615 1121 ac
1628 1071 1739 1124 arbitrio
1758 1075 1823 1125 reli-

233 1171 309 1208 eauss
323 1151 450 1213 mandati,
464 1151 493 1202 in
505 1167 565 1202 enm
578 1165 641 1218 usqr
655 1148 737 1208 diem,
750 1145 833 1216 quoad
844 1147 944 1200 vixerit
957 1149 1003 1200 Ti-

232 1237 296 1288 tius.
317 1232 491 1304 Sempronius
510 1231 644 1283 consentit
662 1229 692 1280 in
712 1229 761 1282 boc
787 1229 949 1294 mandatum,
976 1249 1004 1284 ac

232 1320 321 1374 credit
339 1317 414 1371 Titio
432 1313 550 1386 praefate
573 1314 717 1380 octoginta.
737 1313 907 1365 Postmodum
934 1313 1011 1366 idem«

237 1401 432 1473 Sempronius,
453 1399 616 1470 saepiuscule
632 1397 805 1450 Mandantem
818 1399 957 1462 convenit,
977 1407 1006 1450 ut

230 1483 548 1558 propterintcrpositum
562 1481 715 1534 manilatnm
735 1481 875 1534 indemnes
889 1493 1005 1552 praestet

232 1572 350 1623 rationes
366 1568 528 1638 Sempronii.
542 1567 681 1620 Jarolcnus
694 1566 835 1617 Mandator
848 1583 952 1637 semper
965 1579 1002 1620 ta·

233 1667 290 1719 cet,
316 1654 432 1708 moritur
458 1652 568 1704 interim
587 1651 676 1704 Titius
696 1649 855 1718 Principalis
881 1651 1000 1713 debitor;

237 1737 373 1808 quaeritur
387 1755 419 1788 an
433 1737 481 1790 hoc
493 1745 598 1788 mortuo
618 1735 794 1786 nibilominus
807 1752 883 1804 posse
895 1753 1000 1789 conser-

232 1823 290 1874 rari
303 1824 443 1876 Jsrolenos
455 1817 614 1872 mandator?
628 1819 661 1870 Et
673 1815 779 1888 quidem
795 1818 822 1870 id
834 1820 950 1888 regulare
963 1829 1004 1874 est

233 1908 265 1959 in
284 1907 445 1976 Praescript.
466 1902 684 1964 Contentiotrali,
703 1903 773 1971 qnod
791 1906 863 1974 lapso
882 1914 1002 1976 tempore

230 1991 390 2060 obligationi
410 1986 588 2058 praescriptae
607 1984 686 2036 etiarn
706 1986 761 2056 ipsa
778 1986 905 2056 obligatio
932 1991 1003 2058 peri·

229 2085 332 2136 matur,
353 2071 412 2124 oid.
431 2087 540 2140 supas.
556 2068 700 2120 sotadeo
718 2071 856 2122 Jarolenus
875 2071 1002 2139 judicium

234 2169 294 2230 post
306 2167 417 2210 mortem
432 2153 511 2218 Titii,
525 2171 593 2223 quae
605 2153 735 2204 terminus
753 2153 923 2222 obligationis
936 2166 1002 2222 erat,

231 2259 288 2294 non
306 2249 394 2310 potest
414 2237 501 2290 rideri
521 2239 578 2305 jure
595 2236 729 2306 suscipere
752 2238 848 2289 teneri.
867 2238 898 2289 ld
916 2247 1004 2294 tamen

234 2324 339 2377 tamdiu
352 2321 485 2392 procedit,
499 2320 584 2372 donee
601 2338 654 2372 non
673 2338 722 2390 per
740 2321 909 2374 mandantem
923 2334 1003 2377 stete·

235 2409 284 2472 rit,
299 2407 412 2477 implere
426 2404 639 2458 consentionem.
654 2405 706 2456 llio
719 2421 779 2473 ergo
793 2423 920 2470 morosus,
932 2416 962 2458 ut
974 2409 1003 2460 in

235 2501 327 2544 nostra
342 2491 417 2558 Lege,
433 2495 492 2540 citro
507 2497 547 2541 tot
560 2486 810 2540 denunciationibus
829 2498 901 2559 totq;
921 2489 1005 2542 inter·

234 2573 427 2647 pellationibus
441 2571 474 2624 de
487 2570 581 2623 stando
599 2569 750 2640 promissis,
766 2573 881 2625 uoluerit
899 2591 1006 2642 respon·

235 2661 307 2722 dere,
321 2656 423 2710 ntideo
443 2655 556 2722 allegare
568 2671 617 2724 pro
630 2669 657 2704 sc
668 2654 772 2723 lapsum
791 2655 901 2708 termini
920 2656 1002 2709 mini-

236 2760 281 2795 me
295 2739 388 2812 possit,
404 2755 463 2790 cum
477 2737 584 2808 propria
597 2737 672 2808 culpa
683 2737 755 2790 intra
770 2737 916 2792 limitatum
936 2751 1003 2794 tem·

237 2843 288 2896 pus
305 2821 474 2874 Mandatario
489 2837 542 2872 non
557 2819 727 2884 satisfecerit,
741 2829 768 2873 et
781 2821 818 2874 ita
831 2822 919 2876 studio
932 2841 961 2877 ac
976 2825 1005 2876 in

237 2907 356 2962 fraudem
370 2903 555 2959 consentionis
574 2903 719 2956 terminum
738 2907 896 2975 praeterlabi
914 2925 1005 2980 passus

235 3001 286 3045 cst.
298 2989 371 3040 Hinc
384 2988 442 3039 dies
456 2986 555 3054 adjecta
573 3003 648 3038 causa
667 2985 823 3040 limitandae
836 2989 1005 3058 obligationis

235 3091 289 3129 noo
299 3073 396 3126 liberat
411 3071 559 3124 debitorem
572 3071 733 3123 existentem
748 3072 776 3122 in
790 3090 872 3137 mora,
887 3084 915 3126 et
927 3091 1003 3127 inan·

236 3157 326 3210 datum
346 3164 465 3225 tempore
482 3153 648 3216 limitatum,
665 3161 726 3222 post
744 3172 844 3207 moram
863 3151 897 3206 iit
913 3172 1006 3227 perpe·

238 3251 310 3294 mum
323 3237 423 3291 Bartol.
437 3236 476 3288 cd
486 3239 513 3290 d.
527 3237 544 3287 ἱ.
559 3237 593 3290 Si
604 3236 749 3290 Mandata·
762 3235 786 3308 5.
799 3237 846 3291 itte
860 3239 910 3291 illi.
923 3240 948 3290 d.
963 3249 981 3289 t.

271 3323 346 3380 Vlil.
363 3321 398 3373 Et
414 3321 443 3372 in
457 3321 635 3391 stipulatione
648 3321 1006 3392 locusl’raescriptioniCon·

237 3407 383 3460 suctioneli
405 3421 462 3456 esse
480 3413 576 3474 potest.
588 3403 637 3456 Est
649 3414 736 3457 sutem
749 3407 892 3478 Stipnlatio
910 3407 1004 3460 serbo·

236 3507 296 3544 rum
317 3488 469 3558 conceptio,
495 3487 591 3557 quibus
605 3486 644 3552 is,
657 3491 703 3557 qui
717 3489 909 3558 interrogatus,
928 3491 1005 3544 ‹istn-

264 3591 308 3626 um
320 3571 483 3625 facturumve
496 3587 532 3634 se,
545 3571 614 3640 quod
633 3571 810 3642 interrogatus
827 3585 876 3639 est,
896 3593 1007 3645 respon·

236 3659 291 3719 det,
308 3655 431 3709 tradente
458 3655 603 3726 Pomponio
622 3656 650 3708 in
665 3659 699 3710 L.
714 3669 739 3707 ιι.
751 3652 775 3727 5.
792 3653 858 3724 nst:
873 3657 907 3710 de
924 3661 956 3710 V.
974 3659 1005 3712 0.

237 3744 268 3794 in
291 3738 442 3810 hujusmodi
463 3738 686 3810 stipulationibus
703 3739 810 3792 licitam
823 3748 864 3792 est
876 3741 1005 3810 stipulan-

238 3828 310 3880 titsus
322 3834 424 3880 eertum
443 3825 586 3878 terminum
599 3823 702 3889 addere,
717 3823 788 3876 intra
805 3839 883 3894 quem
902 3825 1006 3878 sofren-

1056 1159 1137 1210 ctum,
1150 1152 1243 1219 quovis
1256 1151 1333 1204 modo
1353 1154 1538 1226 stipulationes
1552 1172 1609 1207 snas
1622 1155 1782 1210 circumscril
1795 1177 1822 1210 c-

1057 1251 1099 1298 re,
1119 1253 1148 1287 ac
1166 1235 1350 1289 determinare.
1369 1238 1524 1308 Exemplum
1544 1241 1724 1293 clarissimum
1744 1243 1820 1309 basius

1057 1319 1093 1370 rei
1108 1329 1156 1382 est,
1170 1321 1238 1390 quod
1255 1322 1380 1392 proponit
1399 1323 1458 1375 tet.
1471 1325 1591 1377 Julianus
1605 1325 1632 1377 in
1648 1327 1679 1377 L.
1693 1345 1763 1378 eum.
1777 1339 1818 1377 ss.

1056 1398 1078 1471 5.
1092 1401 1140 1473 put'
1155 1402 1203 1455 fta.
1225 1415 1247 1454 t.
1257 1401 1297 1472 ff
1318 1404 1351 1455 de
1375 1407 1405 1456 V.
1429 1409 1460 1460 0.
1481 1407 1511 1458 Si
1531 1407 1609 1460 ridel.
1630 1409 1690 1460 talis
1710 1409 1821 1478 stipula·

1056 1485 1094 1536 tio
1112 1485 1307 1546 intercesserit:
1328 1489 1435 1554 liccem,
1452 1492 1536 1560 quoad
1554 1492 1639 1544 rivam
1661 1491 1722 1544 dare
1738 1509 1818 1562 spon·

1055 1564 1117 1620 des?
1138 1567 1211 1619 alter
1231 1571 1379 1637 promittit:
1399 1572 1508 1640 Utique:
1531 1573 1583 1623 llic
1602 1575 1718 1626 Praescr.
1740 1571 1821 1626 fona.

1053 1659 1102 1714 est,
1115 1651 1237 1705 collocato
1247 1653 1363 1705 termino
1386 1649 1520 1706 finiendae
1531 1655 1701 1724 obligationis
1713 1655 1740 1707 in
1756 1673 1823 1708 snor-

1055 1742 1080 1784 te
1100 1733 1272 1804 stipulatoris.
1293 1738 1364 1788 Hinc
1384 1739 1511 1808 promissa
1531 1739 1622 1790 decem
1643 1738 1735 1790 statim
1761 1749 1822 1808 post

1054 1816 1250 1886 stipulationem
1265 1821 1319 1890 peti
1338 1833 1460 1892 possunt;
1474 1840 1525 1874 non
1538 1841 1598 1874 vero
1611 1831 1670 1892 post
1689 1831 1819 1882 mortem;

1054 1899 1089 1953 Et
1100 1903 1139 1953 sic
1152 1903 1241 1957 baercs
1255 1905 1368 1974 petendo
1379 1905 1541 1976 Exceptione
1554 1908 1624 1976 pacti
1637 1906 1765 1958 removeri
1780 1925 1823 1976 po-

1055 1995 1124 2049 test,
1143 1987 1213 2057 qnod
1232 1989 1354 2042 videlicet
1374 2001 1477 2043 mortuo
1497 1991 1652 2061 stipulatore
1677 1990 1823 2060 exspirairit

1054 2071 1189 2139 obligatio,
1201 2091 1267 2143 quae
1280 2091 1401 2144 eousque,
1413 2092 1442 2126 ac
1456 2091 1506 2124 non
1519 2073 1629 2124 ulterius
1647 2082 1750 2124 tantum
1764 2083 1822 2124 erat

1055 2165 1173 2221 extensa,
1194 2157 1219 2211 ri
1238 2157 1460 2228 praescriptionis
1479 2157 1704 2208 Consentionnlis.
1721 2153 1820 2208 Eadem

1054 2239 1123 2291 ratio
1141 2251 1190 2303 est,
1202 2241 1223 2292 si
1235 2241 1295 2312 quis
1312 2259 1373 2310 usq:
1394 2241 1424 2292 in
1443 2239 1575 2292 Kalendas
1593 2239 1650 2292 dari
1670 2240 1820 2310 stipuletur,

1053 2321 1103 2374 hoc
1120 2323 1193 2375 enim
1212 2325 1328 2377 termino
1345 2325 1541 2396 praeterlapso,
1560 2334 1651 2396 petens
1667 2325 1823 2394 exceptione

1053 2407 1124 2475 pacti
1141 2415 1168 2458 et
1186 2407 1408 2478 praescriptionis
1434 2406 1649 2461 Consentiomlis
1671 2407 1819 2476 repelletur.

1054 2490 1128 2542 Idem
1142 2507 1223 2560 quoq:
1237 2493 1259 2542 si
1275 2490 1388 2543 servitus
1402 2491 1434 2543 sb
1446 2491 1533 2562 aliquo
1544 2491 1680 2560 stipulata,
1692 2499 1720 2541 ut
1730 2489 1822 2541 eadem

1056 2573 1107 2625 sibi
1122 2574 1161 2626 ott
1172 2574 1273 2638 liceret,
1292 2573 1376 2642 quoad
1388 2576 1498 2632 vireret:
1512 2571 1629 2625 Habebit
1648 2573 1695 2625 boc
1715 2575 1755 2639 ius
1774 2591 1821 2643 per

1055 2653 1113 2708 dies
1134 2656 1211 2719 ritae,
1230 2654 1330 2708 frustra
1348 2655 1460 2710 haerede
1479 2657 1552 2709 idem
1571 2656 1600 2706 in
1618 2671 1646 2706 se
1663 2653 1822 2737 derivatum,

1055 2747 1163 2808 propter
1181 2741 1330 2792 obstantem
1344 2739 1414 2810 pacti
1426 2741 1618 2812 exceptionem,
1636 2737 1821 2790 contendente.

1055 2822 1080 2874 d.
1094 2821 1112 2871 1.
1130 2817 1206 2889 sc.§.
1223 2817 1291 2888 aff.
1305 2820 1338 2872 de
1355 2821 1387 2872 V.
1405 2825 1435 2875 0.

1090 2905 1161 2956 liaeo
1173 2905 1274 2974 potiora
1287 2905 1406 2976 exempla
1418 2914 1488 2968 sunt,
1499 2903 1632 2973 inquibus
1644 2901 1821 2971 Praescriptio

1054 2997 1145 3040 nostra
1158 2987 1371 3040 Consentionalis
1393 3005 1451 3040 suas
1470 2997 1577 3040 exercet
1587 2986 1656 3038 vires
1667 3001 1696 3038 ac
1709 2985 1819 3037 faculta-

1056 3081 1103 3124 tes.
1115 3071 1193 3122 Plura
1206 3071 1263 3121 dari
1276 3087 1326 3120 non
1341 3070 1434 3123 iverim
1447 3067 1560 3122 inficias.
1572 3070 1679 3121 Etenim
1698 3069 1819 3120 ubicum-

1055 3172 1106 3226 que
1116 3153 1195 3216 diem,
1203 3153 1339 3224 ubicumq:
1354 3152 1497 3208 terminum
1509 3149 1654 3224 praefigere
1665 3152 1829 3222 obligationi-

1056 3247 1167 3310 possunt
1183 3239 1378 3302 contrahentes,
1397 3237 1436 3290 ibi
1455 3257 1537 3307 quoq;
1558 3237 1736 3307 Praeseriptio
1750 3235 1821 3289 Con·

1056 3323 1214 3376 ventionalis
1233 3323 1317 3385 adest,
1335 3331 1380 3374 aut
1397 3320 1487 3375 adesse
1506 3331 1602 3392 potest.
1622 3321 1674 3373 Sed
1691 3321 1822 3390 prolixior

1056 3406 1127 3473 insto
1139 3405 1223 3460 forem
1235 3409 1264 3458 iu
1274 3407 1318 3460 his
1328 3407 1452 3459 omnibus
1463 3405 1635 3468 enarrandis,
1655 3405 1745 3474 ideoq:
1765 3407 1821 3458 sus-

1055 3485 1139 3556 ficiat,
1153 3493 1252 3561 speeies
1264 3491 1383 3559 ejusdem
1397 3489 1537 3542 adduxisse
1552 3489 1712 3544 famosiores.
1726 3489 1765 3540 Ex
1780 3493 1822 3543 bis

1055 3575 1129 3629 enim
1154 3575 1187 3628 de
1210 3575 1297 3629 Genio
1319 3593 1349 3628 ac
1371 3575 1461 3628 natira
1484 3573 1573 3627 indole
1597 3573 1818 3644 Praescriptionis

1058 3659 1138 3714 Cortr.
1148 3659 1249 3728 poterit
1260 3659 1324 3713 ferri
1337 3658 1474 3726 judicium.
1492 3660 1604 3728 Reliqua
1623 3677 1683 3712 rero
1700 3666 1820 3733 exempla

1057 3743 1125 3794 tanti
1137 3759 1190 3794 non
1202 3751 1265 3795 sunt
1276 3743 1415 3808 momenti,
1428 3755 1458 3796 ut
1469 3744 1628 3814 singularem
1638 3745 1683 3812 bic
1694 3745 1744 3800 loci
1766 3757 1823 3810 tra-,¹

1057 3827 1201 3880 ctationem
1216 3836 1375 3879 remeantur.

855 4019 1103 4094 CAPUT
1149 4025 1209 4093 IV.

585 4208 642 4275 De
666 4207 963 4300 Praescriptionis
987 4212 1255 4283 conventionalis
1278 4215 1478 4280 contrnriis.

430 4489 770 4546 SUMMARIA

241 4654 366 4726 Martia
376 4656 543 4726 Praeseript.
559 4661 641 4712 Cono-
654 4660 765 4730 quondo
778 4660 885 4714 cesset?
898 4677 925 4712 n.
943 4671 965 4712 ι.

242 4749 275 4799 In
286 4743 403 4812 pignore
412 4759 468 4794 non
482 4741 587 4796 obtinet
598 4743 661 4796 Lea·
670 4744 883 4799 commissoriis.
895 4763 925 4797 n.
939 4755 962 4794 ι.

251 4823 332 4893 Quod
340 4826 373 4877 de
385 4841 454 4878 noro
469 4825 608 4880 constituit
618 4827 765 4881 Constant.
779 4847 806 4880 n·
822 4841 846 4879 s.

241 4911 324 4966 nasto
337 4907 548 4962 Pmttttriom's.
561 4929 587 4962 n.
601 4920 623 4960 t.

242 4997 321 5050 Idem
334 4993 368 5046 de
379 4993 448 5046 Jnre
461 4997 566 5048 Recers.
583 4995 698 5065 Imperii.
712 5015 738 5047 n.
754 5007 778 5046 5.

242 5079 306 5135 Nisi
314 5081 353 5132 ito
365 5080 447 5150 poeti,
459 5089 488 5132 ut
495 5097 545 5148 pro
552 5078 627 5148 justo
640 5081 729 5150 pretio
740 5080 839 5151 pignus
856 5079 893 5134 rit
909 5079 1004 5136 Credi-

278 5162 354 5216 tcn's.
368 5181 393 5214 a.
408 5177 431 5214 e.

249 5249 300 5302 Ver
311 5247 367 5299 nisi
376 5247 432 5308 itae
443 5247 551 5319 Pignus
563 5260 677 5320 emptum
688 5248 731 5301 rit.
745 5267 772 5300 n.
786 5257 811 5298 t.

244 5335 291 5385 An
308 5333 402 5384 ecdem
415 5332 486 5386 ratio
500 5333 528 5386 in
543 5331 705 5386 Donatione
715 5331 743 5385 r'n
757 5331 895 5385 solutum?
905 5351 933 5384 n.
946 5345 970 5383 e.

242 5413 393 5470 Forneatnr
401 5427 489 5472 statne
500 5417 709 5475 controversiae
722 5428 747 5473 et
757 5416 896 5473 deciditur.
909 5435 937 5469 n.
953 5427 977 5469 ι.

1064 4495 1101 4548 Vi
1114 4495 1189 4564 pacti
1206 4492 1315 4566 quando
1334 4501 1417 4544 cesset
1435 4490 1599 4563 Praeseript.
1619 4493 1824 4547 conventiam?

1096 4598 1122 4630 rt.
1139 4592 1179 4632 to.

1057 4667 1154 4720 Cesset
1173 4663 1201 4714 in
1221 4669 1253 4719 Ι,
1272 4661 1487 4727 Comma'rsoria,
1505 4661 1531 4714 ri
1552 4661 1686 4717 Venditor
1706 4666 1825 4734 pretium

1092 4756 1174 4816 petat.
1187 4765 1214 4798 n.
1230 4757 1271 4798 tt.

1062 4829 1156 4898 Qualis
1168 4829 1262 4884 debean
1273 4847 1330 4882 erse
1339 4827 1456 4898 petitio?
1467 4847 1495 4881 rr.
1513 4839 1553 4880 tr.
1585 4895 1587 4900 Ι

1061 4913 1195 4984 Quotiens
1208 4929 1274 4968 casn
1286 4915 1312 4967 d.
1326 4916 1358 4967 L.
1372 4912 1541 4970 AEnn'lius?
1553 4931 1580 4964 n.
1597 4924 1635 4966 ts.

1058 5001 1163 5064 Cassan
1173 4997 1198 5050 si
1210 4993 1327 5067 Bmpror
1336 4999 1439 5051 solvere
1449 4997 1598 5069 inpeditus.
1610 5017 1638 5050 a.
1654 5008 1692 5051 tt.

1058 5085 1093 5134 In
1107 5083 1255 5136 Additione
1266 5081 1294 5134 in
1307 5083 1378 5136 diem
1390 5091 1485 5144 cessat,
1497 5080 1522 5134 εἰ
1532 5081 1673 5136 circulatio
1691 5081 1778 5135 subsit
1793 5085 1822 5136 in

1074 5185 1079 5192 ·
1098 5167 1252 5221 Venditcre·
1265 5185 1292 5219 n.
1308 5179 1347 5218 ts.
1396 5229 1398 5233 v

1059 5248 1145 5315 Idem,
1156 5250 1272 5304 riserit
1285 5251 1314 5302 in
1329 5247 1468 5318 Emptore·
1481 5269 1508 5302 η.
1526 5259 1566 5300 to.

1058 5334 1090 5388 Si
1103 5333 1216 5402 Eenptor
1221 5335 1299 5407 prior
1308 5333 1427 5387 licitatus
1427 5331 1528 5405 fuerit,
1537 5342 1624 5386 cessat
1635 5330 1727 5388 itidem
1738 5336 1774 5388 P·
1791 5335 1824 5412 C..

1096 5436 1123 5468 tr.
1140 5431 1180 5471 fi·
