4424 6340
282 525 318 578 23
668 521 716 574 DE
735 519 956 576 rnffisctttrr.
977 517 1151 574 CONVENT.
1171 516 1353 572 Essnnrrt.
1703 520 1737 584 ni

205 627 267 675 reat
279 619 390 682 obtutu,
401 615 512 680 exinde,
532 615 602 687 quod
615 632 720 686 senrper
737 614 858 666 venditor
874 613 985 666 oiilatio-
1035 611 1136 664 ditione
1149 611 1329 673 contrabitur,
1343 629 1407 682 qnae
1418 612 1449 664 ab
1463 611 1544 666 initio
1556 587 1607 666 esi
1614 615 1807 670 conditionalis

206 725 273 760 nem
292 705 443 776 pinguioris
462 700 627 755 conditionis
645 710 814 772 exspectare,
841 709 867 752 et
891 699 985 768 quovis
1035 696 1166 750 existente
1180 698 1286 750 demum
1301 696 1469 761 conditione,
1490 693 1524 748 bt
1542 715 1615 767 pura.
1637 699 1692 752 Sub
1710 701 1806 754 condi·

205 799 328 860 ternpore
340 785 426 840 eidem
442 786 586 856 displicere
598 786 696 854 possit,
710 795 740 838 nt
750 783 815 837 adeo
826 799 874 836 nec
887 785 914 834 in
924 800 983 852 per-
1033 781 1107 835 tione
1123 801 1182 836 vero
1201 785 1355 846 resolvitur,
1368 801 1434 853 quae
1449 782 1528 835 initio
1542 801 1607 854 pura
1620 793 1676 850 est,
1689 801 1722 839 ea
1741 796 1802 858 post

203 883 320 945 petrum
336 870 369 926 de
386 869 551 942 proprietate
564 868 676 940 Emptos
694 869 782 939 possit
795 885 851 921 esse
865 883 979 920 securus.
1032 863 1101 918 iacto
1114 882 1175 920 vero
1189 877 1212 920 et
1227 868 1301 920 exitu
1318 877 1361 920 est
1371 866 1569 920 carnditionalis.
1588 868 1670 920 Dion.
1688 870 1801 924 Godolr.

205 959 333 1010 Attamen
348 958 400 1010 tale
414 972 504 1008 revera
516 953 630 1023 nouJest
654 953 704 1006 boc
718 961 835 1024 pactum,
850 950 896 1004 sed
915 951 981 1020 Lege
1031 959 1088 1000 not.
1103 949 1178 1003 ade.
1201 953 1219 1003 l.
1237 963 1257 1004 t.
1265 947 1307 1020 ffi
1327 949 1361 1002 de
1378 955 1410 1005 L.
1429 951 1574 1006 Commius.
1593 952 1632 1004 iit.
1652 955 1690 1005 A.
1708 954 1743 1006 Et
1761 955 1801 1008 sio

203 1042 452 1112 circumscriptum,
467 1039 505 1092 ita
516 1039 642 1109 quidem,
656 1047 686 1091 ut
697 1039 722 1090 si
740 1035 810 1089 nihil
830 1033 862 1088 de
882 1045 981 1104 tempo·
1027 1034 1078 1088 alia
1091 1045 1132 1088 est
1144 1037 1262 1088 conditio
1274 1039 1438 1108 suspensiva,
1452 1036 1505 1088 atia
1518 1037 1668 1091 resolutiva.
1677 1039 1728 1091 illa
1740 1053 1801 1092 enn-

205 1135 427 1190 reconventum,
446 1125 532 1196 possit
551 1133 652 1176 tantum
679 1123 750 1175 intra
768 1119 903 1187 sexaginta
921 1117 979 1169 dics
1030 1127 1142 1172 tractum
1167 1120 1378 1175 conditionatum
1398 1120 1503 1186 reddit,
1523 1121 1586 1186 baec
1605 1140 1666 1174 uon.
1685 1125 1796 1178 Henric.

201 1211 361 1282 displicere,
386 1226 444 1277 urg.
462 1212 495 1264 L
522 1207 642 1276 Quodsi
665 1205 738 1260 nolit
756 1216 798 1260 st.
824 1201 848 1274 5.
865 1202 891 1255 ri
913 1199 981 1273 quid
1028 1201 1229 1272 zoesoiaff.
1243 1203 1558 1260 deL·Commiss.n.t.

202 1295 246 1350 ita
265 1291 366 1364 ²².ss
384 1295 417 1348 de
434 1291 641 1348 AEdtt.Edica
658 1292 836 1346 zosauari
863 1283 977 1337 tt.Bnl·
1062 1287 1103 1341 An
1123 1299 1212 1342 antem
1226 1299 1390 1360 perpaulum
1404 1288 1453 1343 boo
1471 1290 1643 1343 resolutirurn
1661 1291 1719 1363 ipso
1737 1293 1796 1361 jure
1836 1307 1865 1353 te,

204 1379 258 1432 dus
276 1377 314 1432 uri
330 1375 356 1429 d.
375 1373 399 1448 5.
417 1376 445 1430 si
461 1375 527 1448 qnid
543 1373 592 1430 itu·
606 1375 657 1428 Vel
676 1383 767 1445 posset
780 1373 834 1426 dici
852 1369 883 1422 ad
904 1385 975 1421 stun-
1025 1381 1177 1426 eontractus
1192 1375 1266 1445 prior
1280 1373 1460 1438 rescindatur,
1473 1383 1501 1426 et
1517 1373 1665 1426 dominium
1682 1387 1796 1430 reverta·

201 1479 279 1516 naum
293 1461 361 1515 banc
379 1459 580 1532 displicentiam
596 1455 754 1514 venditoris
772 1456 843 1508 intra
864 1451 976 1521 triginta
1025 1461 1083 1518 tur,
1098 1455 1127 1507 id
1141 1457 1238 1511 ultimo
1251 1459 1308 1511 loco
1321 1457 1351 1510 iu
1364 1469 1454 1511 nostra
1472 1457 1660 1529 Descriptione
1677 1470 1794 1516 eatenu-

201 1565 289 1601 annos
306 1545 446 1618 expirare,
460 1562 511 1615 qno
531 1542 658 1614 temporis
678 1539 763 1613 spatio
781 1539 896 1593 actiones
915 1551 977 1604 per-
1024 1539 1208 1604 siderandum
1224 1542 1301 1618 Quod
1314 1537 1517 1608 affirmandum,
1536 1541 1662 1598 videlicet
1673 1546 1731 1616 ipso
1750 1547 1793 1614 ju-

197 1631 304 1684 annales
327 1631 482 1701 plerumque
507 1627 594 1680 solent
618 1623 761 1680 terminari
791 1625 824 1678 Ι..
849 1621 925 1676 Sicut
948 1628 972 1669 3.
1022 1638 1051 1674 re
1064 1625 1182 1677 rescindi
1195 1627 1513 1697 contractum,qnouiaim
1532 1639 1638 1700 pactum
1656 1629 1686 1682 in
1705 1631 1792 1684 conti-

199 1715 236 1770 0.
249 1712 283 1769 de
295 1711 462 1784 praescript.
476 1724 508 1765 tn
529 1711 580 1764 nei
591 1719 634 1776 to,
649 1727 716 1762 ann.
735 1707 795 1761 Viri·
809 1725 831 1760 c.
847 1719 870 1760 t.
886 1723 912 1756 n·
928 1711 970 1752 ²⁸·
1020 1708 1099 1760 nenti
1108 1712 1254 1764 contractui
1274 1713 1406 1766 adiectum
1416 1721 1502 1776 cst,ut
1515 1713 1553 1766 ita
1566 1715 1624 1784 pari
1637 1732 1716 1785 passu
1729 1733 1790 1768 curn

129 1809 158 1852 ts
237 1796 292 1854 sed
309 1797 360 1852 boc
376 1813 438 1850 essu
460 1796 536 1848 nulla
553 1794 598 1846 bie
616 1790 796 1862 Praeseriptio
814 1787 971 1845 Consentiu-
1021 1791 1080 1864 ipso
1099 1794 1231 1860 ambulet,
1251 1815 1362 1868 ecumque
1373 1797 1409 1850 ob
1426 1799 1528 1868 lapsum
1547 1798 1658 1850 termini
1676 1795 1789 1870 praefixi

195 1881 269 1938 nelis
281 1881 365 1934 adest.
378 1879 488 1933 Etenim
501 1878 531 1930 in
543 1877 593 1932 boc
610 1877 657 1931 ills
669 1897 684 1932 a
696 1875 784 1944 begali
801 1873 968 1946 potissimam
1019 1877 1160 1931 resciudat.
1181 1881 1328 1934 Verborum
1348 1889 1437 1934 tamen
1455 1880 1523 1933 ratio
1541 1879 1675 1946 habands,
1693 1881 1789 1952 quibus
1828 1897 1857 1938 tt

195 1967 311 2021 sortitur
324 1961 591 2033 differentiamquod
606 1962 635 2015 iu
649 1960 698 2013 bac
713 1959 842 2030 temporis
853 1960 969 2029 spatium
1018 1958 1047 2010 in
1061 1961 1218 2030 paciscendo
1232 1963 1272 2015 usi
1286 1964 1482 2018 contrahentes.
1495 1964 1583 2018 Verba
1600 1965 1674 2018 enim
1687 1966 1728 2019 sel
1745 1965 1787 2018 di·

193 2049 345 2122 dependeat
362 2066 396 2102 ex
409 2047 590 2118 dispositione
603 2046 695 2115 Legis:
714 2044 747 2098 ln
766 2044 968 2098 Coarventiouali
1018 2052 1089 2096 recta
1103 2056 1180 2110 sunt,
1201 2049 1240 2102 sel
1257 2047 1373 2118 obliqua.
1393 2049 1502 2102 Directa
1521 2057 1583 2102 sunt
1599 2065 1665 2118 qaue
1682 2059 1787 2104 contra·

192 2151 259 2189 vero
270 2148 304 2186 ea
316 2131 495 2204 dispositione
512 2131 738 2184 contrabentium.
760 2129 806 2183 sta
822 2128 887 2180 licet
902 2143 967 2183 cou-
1016 2137 1088 2182 otum
1102 2132 1247 2198 resolvunt,
1261 2133 1302 2186 sel
1316 2149 1349 2186 ex
1361 2132 1471 2204 propria
1484 2121 1526 2186 sui
1540 2131 1624 2187 forma
1639 2145 1666 2188 et
1683 2131 1785 2204 figura,

191 2225 304 2272 ventam
318 2216 482 2288 apartibus,
495 2225 539 2280 nt,
552 2215 656 2287 quando
671 2212 849 2286 displicuerit,
868 2229 912 2266 res
929 2213 968 2266 sit
1016 2219 1063 2263 ut:
1082 2213 1134 2266 Res
1152 2214 1189 2268 sit
1206 2216 1341 2288 inempta,
1361 2217 1498 2270 incendite
1513 2217 1538 2271 d.
1559 2221 1591 2272 L.
1604 2219 1734 2273 AEmilius
1748 2223 1782 2274 L.

191 2303 324 2374 inempta,
331 2299 392 2370 quia
408 2309 496 2352 tamen
509 2300 553 2353 illa
561 2297 731 2370 displicentia
745 2306 864 2370 tempore
876 2317 891 2350 a
903 2313 965 2367 par-
1003 2293 1063 2367 fln-
1073 2313 1114 2368 pr.
1127 2308 1155 2352 et
1165 2293 1189 2371 5.
1212 2311 1232 2354 t.
1240 2298 1284 2370 ff.
1295 2303 1328 2356 de
1340 2298 1465 2356 Bescinci
1485 2301 1570 2356 Vend·
1585 2302 1635 2358 Vel
1648 2311 1694 2374 pet
1708 2311 1785 2356 ante-

191 2385 268 2440 tibus
280 2382 394 2440 definito
404 2383 610 2454 circumscripta
624 2399 678 2436 uon
691 2391 746 2449 est,
767 2382 962 2438 Conveutioua·
1014 2380 1109 2436 cedens
1120 2385 1311 2451 necessarium,
1330 2393 1360 2438 ut
1378 2404 1409 2440 ea
1426 2402 1493 2458 qaue
1509 2385 1692 2439 executionem
1711 2382 1780 2438 laeta

190 2471 228 2524 lis
241 2486 344 2541 quoque
357 2467 534 2538 Praescriptio
551 2465 702 2520 sibilorum
716 2467 870 2538 neutiquam
889 2474 965 2536 pote-
1014 2466 1175 2538 important,
1189 2469 1269 2523 etsie
1287 2469 1435 2523 necessario
1451 2479 1667 2542 praesupponunt
1683 2471 1782 2523 resolu-

188 2555 230 2608 rit
241 2553 393 2617 uindicare,
409 2561 438 2606 ut
451 2553 491 2604 sic
503 2552 598 2606 Forma
617 2552 707 2622 potins
727 2551 856 2624 temporis
875 2549 964 2604 deter-
1013 2550 1112 2605 tiouem
1126 2553 1185 2625 ipso
1203 2555 1276 2624 jure,
1294 2564 1339 2609 ut:
1358 2555 1449 2609 Liceat
1466 2555 1535 2606 mibi
1554 2553 1709 2608 vindicare:
1726 2573 1779 2626 qno

139 2651 146 2670 ¹
187 2637 320 2702 minatio,
334 2654 414 2708 quam
426 2635 523 2688 Modus
538 2636 658 2691 rideatur
668 2635 848 2707 nuncupanda.
1012 2634 1070 2706 ipso
1082 2637 1392 2709 praesupponituradme
1405 2637 1519 2693 rediisse
1531 2637 1691 2690 dominium.
1704 2637 1779 2690 Obli-

120 2733 149 2774 tt
223 2721 328 2776 Ultima
342 2721 418 2775 datae
430 2721 619 2793 descriptionis
630 2721 866 2776 aerbanbeffectu
884 2719 963 2775 deau-
1008 2738 1073 2791 qua,
1087 2739 1133 2775 seu
1145 2722 1242 2778 inflexa
1255 2725 1332 2778 verba
1345 2723 1465 2778 eamdem
1476 2723 1532 2780 vim
1544 2739 1599 2776 nou
1610 2719 1716 2790 babent,
1729 2733 1775 2788 ut,

184 2815 250 2860 ruta.
264 2805 372 2858 Etenim
384 2807 569 2877 bocoperatur
588 2805 807 2861 conventionalia
826 2806 961 2860 Praescri·
1009 2801 1033 2856 si
1052 2803 1241 2877 pactoadjecto
1252 2807 1369 2878 paritum
1381 2825 1435 2861 uon
1447 2807 1545 2874 inerit,
1563 2801 1707 2879 operentur
1727 2807 1777 2861 boc

184 2889 255 2959 ptio,
269 2886 375 2959 quodsi
396 2890 470 2960 lapso
488 2889 621 2956 termino,
640 2891 680 2944 uti
700 2891 861 2962 promiserat
878 2892 959 2945 altera
1008 2887 1066 2957 ipso
1080 2889 1269 2944 resolutionem
1286 2900 1436 2944 contractus
1442 2909 1452 2958 ,⁸
1469 2889 1516 2944 scd
1534 2889 1633 2944 lactum
1653 2890 1772 2944 bominis

181 2971 399 3026 contrabentium
416 2991 490 3044 pars,
510 2989 563 3026 uon
582 2975 690 3028 steterit
707 2975 892 3043 conventioni,
911 2992 955 3030 re·
1006 2969 1117 3043 insuper
1130 2971 1300 3042 desiderant,
1313 2974 1340 3025 id
1352 2977 1393 3028 est
1404 2975 1603 3029 restitutionem
1615 2993 1630 3027 a
1642 2989 1777 3046 possesso·

185 3053 323 3109 scindatur
336 3065 495 3111 contractus.
508 3055 557 3110 Est
569 3073 630 3127 ergo
643 3060 820 3132 praescriptio
834 3060 897 3113 baec
909 3079 956 3132 pa-
1004 3071 1034 3110 re
1046 3066 1073 3108 et
1085 3058 1288 3113 retraditiouem
1303 3060 1334 3112 E.
1346 3059 1382 3112 G.
1396 3059 1427 3114 Si
1442 3059 1514 3127 intra
1533 3059 1599 3112 duos
1617 3075 1721 3112 meuses
1739 3059 1774 3111 ab

183 3149 258 3194 etum
270 3140 400 3211 quoddam
413 3141 602 3208 resolutivam,
617 3159 668 3212 quo
688 3145 830 3198 resolvitur
847 3153 954 3199 nonrm-
1003 3137 1145 3211 Emptione
1155 3155 1209 3193 nou
1222 3140 1330 3194 solveris
1342 3147 1461 3202 eentum,
1476 3137 1573 3193 lundus
1589 3137 1713 3195 venditus
1728 3157 1771 3192 re·

183 3233 258 3287 ctus,
268 3233 296 3278 ct
305 3225 338 3277 ab
351 3244 381 3279 eo
392 3225 504 3278 omnino
515 3227 657 3282 receditur.
673 3227 748 3282 Talia
765 3237 841 3301 pacta
854 3232 956 3286 resolu-
1002 3225 1127 3278 stituatur
1138 3227 1196 3278 aa
1220 3225 1254 3282 G.
1269 3225 1302 3280 de
1314 3227 1395 3280 Part.
1408 3225 1438 3278 in
1446 3225 1539 3296 Empt.
1552 3235 1579 3278 et
1589 3223 1774 3292 Vend.,Verbo

185 3309 238 3360 tiva
263 3308 396 3362 babeutur
423 3311 452 3364 iu
466 3312 498 3362 J.
517 3309 597 3364 Jnria
621 3310 752 3365 Gentium
767 3324 791 3369 t.
809 3308 832 3384 5.
848 3324 871 3366 t.
885 3329 951 3369 cers.
1000 3311 1166 3364 Revertatur
1184 3309 1208 3362 ai
1230 3309 1274 3362 nsi
1296 3309 1498 3374 contrahentes,
1521 3309 1613 3382 potius
1636 3307 1770 3363 directum

180 3389 232 3444 sed
247 3408 309 3446 enm
325 3395 380 3448 dno
387 3391 435 3462 ff.
455 3391 488 3447 de
499 3397 580 3447 Puer.
599 3399 632 3451 L
651 3397 686 3449 ab
705 3398 839 3467 emptione
859 3411 901 3453 tt.
910 3395 953 3466 ff
1000 3401 1123 3446 censetur
1134 3381 1213 3464 qnam
1229 3391 1388 3464 obliquum,
1401 3411 1462 3447 euru
1480 3411 1534 3446 uon
1552 3391 1671 3466 praecise
1687 3391 1772 3444 invol-

179 3473 241 3528 eod
260 3480 292 3531 L.
313 3488 336 3530 t.
353 3487 381 3530 et
400 3474 473 3545 usti
491 3478 525 3531 da
542 3479 668 3534 Resoipd.
692 3483 778 3534 Vena.
796 3485 828 3538 1„
845 3480 951 3550 arsam.
1000 3485 1045 3530 vnt
1057 3475 1156 3532 lactum
1166 3477 1293 3532 bominis.
1307 3480 1340 3534 V·
1353 3479 1451 3532 Excell.
1464 3479 1519 3532 Da.
1532 3475 1691 3532 Godoir.de
1703 3479 1770 3531 dena

180 3563 246 3616 dum
265 3572 290 3615 2.
302 3566 335 3620 C·
348 3565 381 3618 rie
394 3567 476 3620 Puct.
489 3563 539 3619 int.
552 3567 645 3634 Empt.
663 3577 691 3618 st
709 3569 796 3620 Versat
812 3566 951 3622 Resolntio
999 3564 1026 3615 d·
1045 3563 1161 3618 Dissert.
1180 3565 1218 3618 ti.
1237 3575 1262 3617 t.
1282 3566 1366 3620 Henr·
1385 3565 1461 3621 zoes·
1481 3563 1520 3618 ud
1536 3564 1577 3618 tte.
1585 3561 1632 3634 ss·
1651 3565 1684 3620 ds
1700 3569 1766 3633 ὗες.

178 3667 241 3718 ergo
257 3657 405 3701 contractus
423 3647 614 3719 praesupponit
627 3647 746 3716 eiusdem
764 3647 923 3702 firmitatem
998 3647 1144 3700 Commiss-
1162 3669 1191 3702 ιι.
1208 3661 1249 3704 tt.
1264 3661 1291 3703 et
1306 3665 1378 3722 segg.
1395 3649 1553 3704 Francisens
1566 3650 1599 3702 de
1610 3649 1706 3704 Caldam
1721 3651 1770 3704 Pe-

114 3741 141 3781 ss
215 3731 269 3785 Sed
287 3748 320 3784 an
338 3747 418 3802 purus
432 3733 483 3794 sit,
497 3740 613 3802 etpacto
627 3731 813 3796 resolvendus,
837 3747 870 3784 an
888 3748 951 3786 vero
998 3747 1072 3800 reyra
1096 3731 1301 3788 Commentario
1320 3733 1360 3786 uri
1381 3737 1415 3790 Ι.
1439 3731 1466 3786 si
1494 3736 1658 3789 curatorem
1684 3735 1769 3792 Verba

178 3814 388 3877 conditionatos,
402 3813 435 3868 de
448 3833 478 3869 eo
491 3823 582 3886 posset
596 3813 735 3869 dubitari?
747 3815 803 3870 Nec
815 3815 889 3870 deest
903 3817 951 3869 dn·
998 3817 1054 3868 d'no
1061 3812 1207 3882 facilitate
1224 3835 1252 3871 u.
1272 3826 1314 3869 st.
1327 3818 1360 3872 G.
1380 3815 1413 3870 de
1433 3816 1462 3870 in
1480 3819 1576 3889 integr.

177 3899 285 3952 bitandi
299 3900 378 3952 ratio:
391 3901 450 3970 lpsa
463 3900 536 3952 esaim
546 3897 723 3972 Praescriptlo
732 3899 948 3953 conventionalis
1032 3899 1072 3952 Ex
1084 3899 1165 3952 dictis
1182 3919 1243 3955 vero
1260 3902 1371 3971 iusuper
1386 3911 1510 3974 apparet,
1527 3921 1594 3974 qrrae
1609 3903 1765 3961 differentia
1807 3922 1837 3965 tt

174 3983 247 4034 nibil
260 3982 333 4036 aliud
345 3982 450 4038 videtur
465 4001 535 4049 esse,
549 4001 627 4054 muru
643 3981 776 4048 conditio,
795 3991 823 4034 et
839 3982 948 4053 quidem
997 3986 1113 4040 sitintcr
1126 3987 1361 4058 praescriptionem
1374 3991 1485 4060 legalem
1493 3999 1521 4044 et
1527 3991 1764 4045 conventionalem.

176 4067 341 4136 suspensiva,
355 4086 403 4138 per
421 4067 541 4122 earndern
553 4069 626 4123 enim
640 4067 831 4121 consummatio
843 4075 948 4140 contra·
997 4065 1072 4121 Illius
1082 4067 1155 4120 enim
1168 4067 1270 4120 indoles
1282 4085 1316 4122 ex
1326 4069 1504 4141 dispositione
1521 4073 1596 4127 iuris
1614 4071 1763 4144 dependet,

174 4159 235 4202 ctus
249 4149 330 4204 dilata
349 4151 455 4206 videtur
467 4151 499 4203 ad
513 4153 684 4205 existentiam
696 4149 868 4214 conditionis,
879 4169 946 4220 quae
995 4147 1073 4217 hujus
1082 4165 1142 4202 vero
1155 4165 1188 4201 ex
1197 4149 1311 4204 arbitrio
1322 4150 1552 4218 contrahentium,
1566 4153 1613 4224 qui
1625 4155 1710 4226 legem
1730 4155 1766 4211 si-

176 4239 199 4288 la
205 4254 269 4308 psus
287 4238 399 4290 termini
418 4239 575 4311 praescripti
601 4247 649 4292 est.
668 4236 838 4291 Contrarium
859 4246 946 4292 tamen
994 4229 1024 4282 bi
1036 4233 1139 4286 ratione
1153 4236 1279 4306 temporis
1292 4251 1340 4306 pro
1352 4235 1439 4290 lubitu
1452 4235 1541 4291 dicere
1554 4246 1687 4308 poterunt.
1702 4244 1761 4302 Iuro

173 4321 207 4373 ab
223 4321 337 4392 Ulpiano
351 4321 468 4374 decisum
481 4323 509 4376 in
522 4328 555 4378 1.
572 4334 594 4376 t.
603 4319 645 4391 ff.
664 4321 696 4374 dc
715 4325 748 4375 li·
766 4319 945 4376 Ontnmiasor.
993 4315 1098 4370 ratione
1109 4318 1217 4372 effectus
1235 4313 1298 4373 haee
1316 4320 1430 4389 insignis
1444 4330 1485 4374 est
1503 4319 1666 4390 differentia,
1687 4330 1762 4398 quod

168 4403 216 4456 ubi
230 4403 311 4456 dicit:
323 4405 408 4476 magis
420 4423 490 4470 esse,
512 4416 542 4459 ut
562 4405 611 4459 sub
628 4405 783 4460 conditione
800 4405 946 4460 resolvatur
994 4403 1169 4474 praescriptio
1182 4403 1274 4474 legalis
1292 4413 1395 4458 tautum
1417 4406 1491 4462 tollat
1505 4405 1695 4476 obligationem
1715 4411 1760 4464 Ci-

170 4487 374 4559 Emptio,qnam
387 4489 457 4560 quod
467 4490 514 4542 sub
520 4489 675 4543 conditione
689 4487 809 4542 contrabi
818 4487 945 4542 videatur.
992 4485 1074 4539 rilem
1086 4505 1140 4541 non
1152 4489 1310 4541 naturalem.
1325 4487 1540 4542 conventionalia
1549 4491 1696 4546 vernetiam
1713 4511 1759 4546 na-

170 4570 247 4622 ldem
266 4571 295 4623 in
315 4575 348 4626 L.
363 4569 436 4639 asti
455 4573 639 4629 decorarat.
659 4575 752 4640 Emptr
766 4574 799 4625 L.
822 4583 845 4622 t.
853 4570 895 4641 ff
910 4573 944 4627 eie
992 4572 1103 4624 turalem
1124 4572 1199 4624 tollat
1217 4571 1276 4624 Nic.
1296 4571 1372 4624 Boer.
1387 4574 1454 4625 nea.
1475 4581 1534 4624 stt.
1552 4591 1581 4625 n.
1602 4585 1626 4626 t.
1647 4573 1761 4632 Possunt

167 4655 195 4706 in
216 4655 288 4707 diem
307 4655 404 4710 addict.
417 4661 472 4710 iac.
488 4657 573 4724 Cujao.
590 4657 629 4710 od
640 4655 665 4709 d.
684 4659 716 4709 L.
733 4651 802 4723 eff.
816 4655 850 4708 ds
868 4658 943 4711 Con·
991 4655 1064 4708 euim
1077 4667 1165 4727 partes
1180 4674 1225 4709 suo
1237 4655 1290 4724 juri
1303 4656 1411 4726 penitus
1424 4655 1591 4720 renunciare,
1601 4658 1670 4726 qtaod
1679 4657 1759 4713 iecis-

166 4740 242 4791 truh.
255 4740 341 4810 Empt.
357 4741 467 4794 Diversa
479 4739 541 4811 'erpo
555 4751 630 4806 sunt,
647 4739 695 4792 snb
707 4741 859 4793 conditione
877 4757 940 4792 eon·
989 4758 1018 4794 se
1030 4741 1168 4809 ridentur,
1182 4741 1311 4795 terminos
1324 4739 1598 4814 praescript.placitee
1609 4744 1758 4802 nonobsea·

169 4823 256 4890 trald,
270 4833 297 4877 st
312 4825 360 4878 sub
373 4825 525 4880 ceraditione
537 4825 641 4878 msolvi.
661 4824 788 4881 venditio
806 4823 856 4878 sub
874 4841 937 4878 oon-
984 4825 1077 4881 vando.
