4424 6340
402 473 451 542 249

327 571 382 626 sen
399 566 515 642 quidde
537 565 614 620 Ollot
621 562 764 635 fortunae
782 561 1052 633 circumferentibus?
1072 583 1100 616 n.

367 667 408 708 20.

330 741 496 796 Contractus
513 735 627 790 sortimn
648 732 727 806 orris?
747 753 775 787 n.
795 744 837 786 tt.

335 825 397 877 otta
401 821 541 893 fortunae
559 818 607 884 uti,
626 839 663 874 un
684 830 710 872 et
726 816 1102 891 praeerectissimam.

337 908 626 980 Cortsnltinsep'usdem
644 925 723 964 usum
740 907 768 960 in
788 910 853 974 Περ.
875 925 932 959 non
953 904 1107 958 admittere.

369 1016 397 1049 n.
419 1007 460 1048 ll.

335 1080 553 1136 Direetariorum
573 1079 675 1150 aliquot
690 1077 796 1151 species.
817 1099 845 1132 n.
868 1087 908 1130 tt.

335 1167 387 1222 Aa
404 1183 451 1220 eos
467 1165 602 1239 pertinent
609 1161 705 1234 fares,
724 1165 843 1218 clavibus
856 1162 1021 1219 adulterinis
1034 1169 1109 1215 uten-

370 1261 421 1304 tes.
441 1270 468 1303 n.
489 1263 531 1302 25.

343 1341 379 1391 l't
399 1345 423 1388 et
430 1332 542 1403 soriam
562 1329 728 1402 effioctores.
749 1353 775 1386 n·
800 1345 841 1387 26.

340 1424 381 1475 ΙιἸ
399 1415 581 1490 Apertnlnrii.
601 1436 629 1468 n.
650 1427 692 1466 22.

345 1507 398 1578 (lni
414 1499 567 1570 τιιχσβόιτιι
584 1503 733 1556 dicantar?
752 1521 770 1553 n
802 1513 845 1554 tt.

343 1590 407 1644 Atii
422 1589 462 1640 ael
480 1585 653 1639 Directmios
672 1584 835 1639 Diaetarios
852 1583 983 1654 restarent.
1002 1603 1031 1638 n.
1051 1593 1094 1636 29.

347 1675 403 1744 (lai
422 1669 559 1726 Diacterii
575 1669 603 1722 in
617 1668 681 1738 jare
698 1669 847 1724 dicantur?
864 1690 893 1724 n.
915 1683 958 1722 to.

347 1757 402 1828 Qui
420 1754 544 1808 Zetart't‘?
561 1773 590 1806 n·
612 1765 654 1806 st.

350 1843 404 1913 Qui
420 1838 668 1894 Junetotores?.n.
689 1849 731 1892 st.

345 1925 509 1982 Bomoloeli
525 1943 632 1997 quoqne
649 1925 701 1977 leuc
719 1922 867 1994 pertinent.
886 1941 914 1976 n.
935 1937 977 1978 tt.

298 2197 308 2238 t
391 2123 520 2234 Variari
540 2179 637 2232 delicta
657 2195 689 2230 ex
709 2179 919 2232 circumstantiis
933 2177 1058 2231 tralatitii
1075 2177 1117 2244 ju-

349 2271 387 2321 ris
406 2277 454 2321 est.
473 2268 546 2318 ilinc
565 2263 759 2316 atttctttimum
773 2263 864 2327 fuerit,
882 2265 951 2318 certi
967 2262 1069 2333 aliquid
1088 2261 1117 2314 ia

348 2354 392 2406 his
411 2351 613 2406 determinasse.
632 2347 683 2402 Sed
703 2367 756 2400 nain
774 2348 865 2402 cannia
888 2347 1002 2400 erimina
1027 2344 1119 2398 eodem

350 2435 428 2488 modo
448 2445 509 2488 sunt
529 2434 637 2486 ineerta.
657 2433 819 2486 ltestrietam
847 2432 941 2484 borum
963 2431 1051 2500 aliqua
1072 2429 1118 2482 lta·

350 2521 417 2574 bent
434 2529 566 2583 naturam,
585 2519 673 2586 aliqua
693 2533 752 2568 vcro
769 2515 929 2568 latissimam
948 2533 977 2568 ac
994 2514 1121 2584 midique·

349 2622 401 2676 que
419 2622 447 2658 se
464 2601 668 2656 diffundentem.
686 2602 796 2654 litorum
814 2600 919 2653 facilior
938 2598 1055 2667 mgnitio
1072 2607 1121 2661 est,

351 2691 446 2742 horum
464 2685 620 2748 difficilior:
636 2685 713 2756 Quod
731 2703 764 2738 ex
782 2685 990 2738 saeculariorum
1004 2692 1032 2736 et
1044 2682 1123 2734 Dire-

352 2775 499 2830 ctariorum
517 2771 632 2826 diversis
650 2771 786 2842 speciebus
805 2769 952 2840 apparebit.
966 2769 1037 2819 Haeo
1049 2766 1123 2818 enim

353 2861 449 2912 delicta
471 2876 524 2914 non
542 2876 595 2912 uno
614 2864 802 2928 perpetrantur
820 2853 908 2916 modo,
928 2852 974 2905 sed
992 2851 1068 2905 mille
1086 2861 1125 2904 te·

354 2947 435 2999 ebrias
453 2943 613 3012 excogitavit
631 2939 728 2996 saeculi
743 2939 827 2992 nostri
841 2937 971 3009 sequioris
989 2938 1123 3008 nequitia,

354 3029 454 3100 qisibus
481 3028 547 3081 alios
575 3025 653 3080 bonis
677 3024 733 3076 suis
759 3023 941 3076 fraudulenter
970 3024 1124 3095 spoliarent.

354 3113 521 3167 dddneemus
539 3129 600 3181 ergo
617 3109 712 3164 ordine
731 3107 790 3162 illos
809 3107 1003 3178 delinquentes,
1019 3107 1066 3178 qui
1085 3109 1125 3163 sel

356 3197 563 3254 saeculariorum
583 3197 623 3248 sel
644 3193 854 3247 Directsriorum
875 3194 984 3246 nomine
1008 3192 1125 3263 exprimi

356 3292 478 3355 poterant
500 3279 652 3343 eomsnode,
677 3278 719 3332 tel
743 3277 775 3332 ad
799 3277 847 3330 hos
866 3277 899 3330 ad
918 3277 1060 3330 minimum
1082 3293 1126 3330 re-

356 3369 431 3422 ferri.

305 3467 318 3506 2
402 3453 491 3506 Prima
517 3449 726 3504 saeculariorum
752 3447 853 3518 speeies
885 3444 915 3497 in
940 3445 1007 3512 lege
1036 3451 1126 3497 nostra

357 3555 495 3608 expressac
508 3535 554 3607 qui
568 3533 671 3587 scilicet
684 3531 784 3585 vetitas
797 3530 825 3584 in
838 3529 947 3584 sacerdo
962 3539 1035 3582 artes
1047 3547 1127 3583 eccer-

357 3632 467 3686 acrites,
490 3631 596 3691 portem
620 3617 788 3682 subducant,
812 3625 920 3686 partem
946 3615 1129 3676 subtrahunte

358 3704 551 3778 qrsamtlpiani
567 3702 772 3772 descriptionem
787 3699 874 3770 capite
885 3697 1058 3770 praecedente
1072 3716 1130 3767 spe·

357 3791 451 3844 cialem
470 3807 528 3844 esse
546 3786 675 3850 diximus,
694 3795 724 3837 ut
742 3783 805 3837 inde
820 3783 915 3836 merito
935 3783 1007 3834 inter
1026 3781 1128 3852 speeies

362 3873 577 3928 §seculariorum
604 3869 698 3922 reterri
723 3869 816 3940 possit.
838 3869 890 3924 Sed
908 3867 997 3938 quales
1016 3865 1045 3917 hi
1065 3867 1129 3932 sint,

361 3977 392 4013 ex
413 3957 590 4029 explicatione
608 3954 699 4006 coelem
723 3952 809 4022 capite
835 3953 992 4022 proposita,
1018 3953 1130 4004 rstetrsini

362 4061 414 4094 sion
434 4038 606 4094 manifestum
620 4047 669 4090 est.
685 4035 725 4087 Ad
738 4035 785 4089 hus
799 4044 887 4088 autem
907 4033 1047 4086 referimus
1062 4035 1131 4098 illos,

361 4143 427 4197 quos
446 4125 551 4178 tecua.
573 4123 602 4175 in
623 4124 711 4176 Closs.
731 4139 767 4172 eae
785 4121 884 4171 Acone
899 4117 937 4171 ad
948 4121 973 4170 d.
986 4119 1004 4168 l.
1017 4117 1087 4189 t.ff
1100 4117 1133 4172 de

365 4207 515 4264 lntroord.
529 4207 614 4262 Crim.
634 4204 762 4259 describit
776 4202 822 4256 ita·
835 4203 990 4256 Saecularii
1001 4214 1074 4266 rant,
1088 4203 1136 4276 oui

362 4289 561 4360 siccensjirnnt
572 4291 670 4358 plenos
683 4285 914 4355 mercidnsfirlsie,
927 4287 1045 4357 etsalsis
1058 4309 1135 4342 num·

362 4377 426 4444 mie,
441 4387 468 4432 et
479 4394 540 4431 enm
553 4375 592 4428 eis
602 4375 716 4430 solvitur
730 4391 779 4442 pro
799 4389 886 4426 meree
893 4373 1019 4444 monitio,
1027 4385 1134 4446 partem

359 4460 641 4536 pecnnioesnrantnr,
655 4470 787 4532 negantes
800 4477 828 4514 se
840 4457 983 4528 accepisse,
1001 4470 1134 4532 qnantum

362 4559 535 4620 acceperant,
553 4559 580 4602 et
597 4546 674 4620 quod
690 4545 814 4608 recidant,
826 4564 862 4598 ex
874 4542 1021 4616 parteseae
1032 4544 1133 4610 dairas,

363 4655 400 4690 en
417 4647 494 4702 porte
512 4651 606 4688 eorum
624 4643 748 4695 tantam,
767 4642 793 4685 et
812 4630 872 4684 ideo
881 4625 1011 4699 stillant,
1028 4639 1136 4683 retenta

362 4721 438 4774 bona
458 4719 587 4790 pecunie,
600 4734 661 4772 cnm
673 4716 729 4771 sibi
739 4715 856 4770 caintiri
873 4715 1003 4768 traditam
1014 4725 1135 4784 poseant.

310 4816 323 4856 t
365 4805 457 4856 Postea
474 4801 553 4854 aliam
567 4800 769 4854 saeculariorum
789 4802 827 4852 tel
847 4799 962 4868 speciem
980 4801 1021 4852 vel
1040 4799 1138 4853 deseri·

363 4887 483 4958 ptionem
502 4885 612 4953 subjicit
629 4883 701 4936 idem
715 4886 829 4937 Aecars.
843 4887 868 4937 d.
882 4886 899 4935 l.
914 4885 960 4937 ubi
973 4884 1134 4940 Saecularios

365 4966 433 5018 dicit
445 4967 514 5028 illos,
533 4967 578 5036 qui
597 4966 626 5017 in
646 4966 728 5020 saccis
742 4975 849 5036 portant
863 4983 973 5031 merces,
988 4967 1135 5038 etquidem

366 5051 484 5104 diversas
498 5067 528 5102 ae
539 5049 694 5114 contrarias,
710 5051 738 5102 in
751 5047 843 5102 eodem
858 5067 943 5112 saccea
959 5052 988 5103 in
1004 5054 1136 5124 superiori

363 5145 440 5207 parte
460 5151 561 5188 merces
584 5131 687 5196 boam
712 5132 742 5184 in
769 5131 892 5186 inferiori
911 5151 970 5188 ceco
991 5147 1136 5208 corruptas.

376 5220 413 5271 lta
432 5235 464 5270 cx
483 5217 551 5272 facto
569 5217 627 5289 ipso
645 5225 671 5270 et
689 5216 854 5288 experientia
873 5219 1073 5273 saeculariorum
1093 5221 1135 5272 in·

365 5302 473 5372 genium
493 5302 644 5356 describere
664 5302 757 5354 maluit
775 5303 887 5354 Accius.
906 5321 984 5372 quam
1005 5305 1032 5356 in
1050 5305 1137 5356 otioso

367 5387 533 5458 Syllabarum
571 5385 695 5459 indagine
718 5385 854 5458 occupari,
874 5387 985 5440 atinde
1004 5388 1141 5441 intinerito

895 464 1084 520 Distinet.
1105 465 1154 518 Ill.
1174 463 1291 520 capot*
1310 465 1345 518 tt.

1798 483 1846 516 iso

1149 566 1254 635 vapulet
1272 585 1286 617 a
1309 565 1387 618 Petro
1400 563 1505 618 Crinito
1520 563 1554 620 tle
1567 569 1689 620 Honesta
1709 567 1860 638 decipitne.
1874 569 1921 622 lib.

1157 662 1198 700 tt.
1214 669 1237 704 e.
1256 663 1281 702 t.
1300 653 1344 704 ubi
1366 652 1428 706 haee
1446 652 1531 722 quoad
1550 655 1601 718 iam
1621 655 1784 725 propositam
1802 656 1919 712 Aectsrsii

1152 736 1365 806 Explicationem
1382 748 1487 792 nostrae
1499 738 1563 808 legis
1577 737 1670 792 habet:
1688 738 1838 812 Utrobique
1856 742 1923 794 ridi·

1153 821 1229 875 ealus
1257 831 1296 874 est
1315 822 1486 877 Accnrsins:
1511 823 1567 877 nisi
1588 824 1702 878 vertiam
1727 823 1796 880 dare
1818 827 1929 880 domini

1154 907 1251 976 anelis,
1275 908 1406 978 qnoniam
1426 911 1489 962 rudi
1503 909 1613 965 saeculo
1635 929 1669 965 oe
1691 910 1777 976 plone
1792 912 1921 966 illiterato

1157 1003 1247 1046 natas.
1267 995 1322 1046 sed
1343 993 1458 1049 retineri
1480 1005 1574 1050 tamen
1601 996 1661 1066 ejus
1686 1013 1789 1064 angos,
1813 1007 1847 1050 et
1873 999 1924 1051 linc

1158 1087 1248 1132 aetate
1266 1100 1283 1134 a
1304 1079 1403 1134 nostris·
1416 1081 1498 1136 JCtis
1515 1080 1634 1151 defendi,
1650 1079 1680 1134 tn
1696 1099 1745 1152 ego
1763 1081 1924 1152 virseren·

1159 1162 1224 1216 tlttm
1243 1162 1378 1218 arentinae.
1397 1167 1470 1217 Haec
1489 1165 1550 1228 ille;
1563 1176 1590 1218 et
1603 1165 1631 1217 in
1645 1165 1817 1235 sequientibus
1841 1166 1926 1220 adtinc

1161 1249 1234 1319 plura
1248 1288 1256 1315 ,
1283 1251 1329 1304 ubi
1355 1269 1420 1322 quos
1439 1251 1485 1304 ille
1504 1269 1550 1322 per
1573 1252 1730 1304 ealrimniam
1756 1250 1891 1320 leguleius
1914 1267 1930 1302 a

1162 1335 1292 1388 Romanis
1312 1335 1410 1388 studiis
1428 1345 1457 1388 et
1475 1335 1631 1389 melioribus
1650 1334 1804 1405 disciplinis
1829 1335 1926 1387 abhor-

1162 1437 1219 1474 rere
1237 1419 1313 1472 dicit.
1333 1421 1386 1474 Sed
1405 1420 1490 1474 danda
1509 1420 1583 1474 nenia
1601 1420 1792 1474 Grammaticis
1811 1420 1929 1488 ingeniis

1163 1515 1211 1570 est,
1225 1504 1321 1574 quibus
1333 1506 1408 1575 quasi
1421 1507 1540 1559 ludibrio
1553 1506 1686 1578 expositus
1702 1505 1851 1573 decursim,
1864 1525 1932 1578 quae

1164 1598 1251 1640 tamen
1276 1589 1389 1642 minime
1412 1591 1575 1654 attendunt,
1600 1607 1728 1660 quaenam
1756 1589 1874 1642 accursii
1900 1591 1930 1640 in

1165 1677 1268 1731 Glossis
1281 1677 1337 1732 suis
1349 1677 1548 1730 conscribendis
1561 1676 1644 1730 fuerit
1657 1676 1781 1743 intentio,
1789 1693 1844 1729 non
1857 1675 1931 1728 enim

1164 1759 1261 1823 serbis,
1274 1761 1318 1812 sed
1333 1759 1411 1812 rebus
1430 1760 1519 1812 litavit
1537 1759 1720 1828 potissimum,
1735 1767 1802 1809 etse
1816 1753 1871 1809 fine
1884 1773 1932 1808 sun

1165 1844 1290 1915 potitum,
1304 1843 1406 1912 siquae
1423 1843 1535 1896 obseura
1549 1843 1576 1894 in
1590 1841 1693 1910 legibus
1712 1840 1878 1904 ridebantur,
1892 1840 1933 1892 rel

1166 1929 1253 1982 simili
1269 1928 1382 2000 quodam
1396 1929 1436 1982 sel
1449 1929 1631 1998 parallelorum
1647 1935 1767 1978 textuum
1785 1925 1934 1985 collatione,

1167 2011 1273 2064 dederit
1290 2012 1438 2084 explicate,
1464 2011 1638 2065 existimavit.
1663 2010 1698 2062 Et
1722 2009 1786 2060 hinc
1810 2008 1933 2076 exiguum

1167 2095 1253 2148 laudis
1266 2097 1363 2149 inaruit
1376 2095 1497 2150 Crinitus
1509 2096 1583 2151 citat.
1595 2096 1649 2150 toe.
1661 2094 1801 2148 ridiculam
1815 2090 1935 2146 accurati

1169 2183 1372 2254 explicationem
1387 2183 1509 2248 meando.
1526 2201 1599 2236 suam
1613 2201 1673 2236 iero
1686 2183 1847 2236 sententiam
1860 2185 1940 2255 plane

1167 2267 1326 2327 omittendo,
1345 2277 1375 2320 ut
1393 2267 1457 2320 binc
1475 2268 1582 2320 sucliori
1600 2267 1697 2320 merito
1715 2283 1744 2319 ae
1764 2267 1903 2320 Aeeursies
1921 2287 1936 2318 a

1169 2355 1286 2418 Crinito,
1301 2353 1421 2407 Crinitus
1435 2373 1449 2404 a
1464 2353 1591 2425 stephan.
1604 2353 1743 2406 Forentulo
1757 2355 1936 2406 Necromnnt.

1172 2440 1250 2494 Dinl.
1271 2451 1314 2492 te.
1333 2457 1364 2490 na
1382 2447 1406 2488 t.
1425 2435 1455 2489 in
1463 2435 1522 2506 fin.
1542 2436 1764 2506 reprehenderam
1776 2441 1886 2498 Petrus,
1900 2437 1942 2488 in·

1170 2523 1238 2594 quit,
1256 2519 1387 2585 Crinitus,
1402 2519 1450 2590 qni
1467 2518 1536 2571 nilsil
1553 2518 1638 2583 atiud,
1651 2536 1734 2588 quain
1746 2518 1840 2572 aliena
1853 2528 1942 2572 trane·

1170 2605 1271 2668 scribit,
1290 2605 1318 2658 in
1338 2604 1416 2656 libris
1427 2601 1460 2656 de
1471 2603 1588 2654 nonesto
1601 2601 1756 2671 discipline,
1770 2600 1845 2656 nacla
1859 2603 1944 2656 verta

1179 2687 1294 2758 Ulpiani
1302 2685 1403 2758 potuit,
1417 2682 1653 2755 interpretationis
1664 2699 1783 2738 securus·
1798 2685 1821 2738 0
1833 2695 1943 2740 concam

1172 2771 1314 2828 docuinam
1334 2769 1423 2835 magis
1441 2787 1524 2839 quam
1543 2769 1674 2822 doctum!
1695 2767 1857 2832 Caeterum,
1875 2769 1945 2837 quod

1176 2853 1303 2910 decursio
1332 2850 1461 2920 injuriam
1491 2850 1617 2904 intulisse
1642 2850 1763 2903 Crinitus
1788 2867 1840 2902 uon
1866 2847 1949 2904 fuerit

1175 2950 1327 2998 contentus,
1346 2934 1393 2990 scd
1412 2945 1440 2988 et
1457 2935 1524 2988 alios
1536 2935 1611 2988 Juris
1626 2934 1773 2988 Cultoresa
1787 2934 1943 2988 melioribus

1174 3022 1328 3096 disciplinis
1347 3020 1493 3075 abhorrere
1513 3019 1625 3084 dixerit,
1639 3017 1668 3071 id
1680 3035 1713 3072 cx
1724 3019 1815 3072 eodem
1834 3019 1946 3088 ingenio

1177 3109 1260 3166 trabit
1271 3117 1371 3171 ortum,
1383 3103 1451 3174 quod
1466 3121 1513 3176 pec
1524 3105 1643 3172 integros
1661 3121 1744 3156 annos
1759 3104 1788 3154 in
1799 3105 1945 3173 gerrardiis,

1176 3193 1289 3266 supinis,
1309 3191 1431 3246 ablativis
1455 3190 1584 3244 absolutis
1608 3191 1790 3256 excutiendis,
1810 3189 1839 3244 in
1859 3190 1945 3262 parti·

1176 3279 1244 3333 culis
1262 3276 1331 3344 nisi,
1350 3277 1397 3340 de,
1416 3275 1444 3328 in
1465 3274 1526 3342 ubi,
1546 3275 1653 3344 punctis
1672 3275 1762 3336 etiam,
1781 3283 1810 3327 et
1829 3275 1944 3326 camuris

1176 3371 1339 3432 occupatum,
1358 3360 1445 3429 qualia
1464 3360 1579 3428 ingonia,
1592 3370 1623 3412 ut
1635 3357 1846 3413 Grammatioem
1865 3358 1948 3410 solans

1177 3449 1206 3501 in
1217 3445 1466 3515 lurisprudentiam
1481 3441 1666 3496 transfundere
1677 3450 1796 3514 pareant,
1809 3451 1874 3496 etse
1887 3451 1947 3492 tan-

1177 3532 1238 3584 dem
1256 3529 1333 3584 JCtis
1351 3529 1519 3597 recoquenda
1534 3538 1561 3581 et
1574 3525 1723 3580 deducenda
1745 3526 1821 3590 dant,
1837 3525 1953 3595 graviter

1179 3626 1269 3670 monet
1291 3618 1346 3668 lac.
1370 3613 1460 3684 Cujae·
1479 3614 1526 3668 lib·
1551 3625 1590 3668 to·
1611 3614 1742 3668 eicerent.
1760 3629 1783 3664 e·
1804 3621 1847 3662 tt.
1863 3610 1949 3678 princ.

1181 3704 1226 3756 sed
1248 3703 1311 3754 haee
1328 3699 1425 3753 obiter.

1216 3787 1293 3858 Quod
1306 3795 1393 3840 autem
1408 3786 1486 3854 husius
1499 3784 1604 3855 generis
1614 3782 1756 3838 saecularii
1770 3781 1874 3842 dentur,
1886 3797 1951 3848 qua-

1180 3873 1219 3924 les
1234 3870 1374 3924 Accersius
1389 3869 1513 3939 superius
1527 3867 1649 3920 adductis
1663 3865 1751 3920 serbis
1763 3863 1950 3923 describit,in·

1184 3955 1296 4008 dubium
1316 3961 1371 4017 est,
1390 3953 1514 4022 quamvis
1534 3951 1607 4004 enim
1626 3969 1680 4004 non
1700 3967 1806 4020 semper
1823 3949 1852 4000 in
1873 3947 1955 4000 saccis

1183 4048 1320 4110 comuptas
1340 4054 1442 4090 merces
1462 4035 1595 4101 vendant,
1615 4035 1687 4088 idern
1702 4044 1788 4087 tamen
1802 4034 1869 4094 erit,
1884 4032 1907 4082 si
1927 4051 1954 4084 a·

1182 4127 1220 4178 lia
1240 4125 1346 4178 ratione
1360 4123 1466 4178 fraudes
1481 4142 1509 4176 ac
1523 4122 1735 4176 machinationes
1749 4121 1778 4172 in
1791 4118 1954 4172 venditioni·

1184 4209 1232 4262 bus
1247 4208 1375 4263 mercium
1388 4207 1573 4272 committant,
1591 4205 1622 4258 bi
1639 4204 1713 4258 enim
1728 4204 1830 4256 sacculo
1849 4205 1954 4253 tantuin

1185 4314 1238 4350 non
1257 4294 1382 4348 malevola
1406 4293 1573 4358 intentione,
1600 4291 1633 4345 ab
1662 4289 1779 4344 lccursii
1799 4289 1956 4343 Saeculariis

1185 4378 1324 4440 differunt3
1345 4379 1422 4432 Tales
1441 4387 1504 4432 sunt
1516 4376 1573 4441 illi,
1586 4375 1632 4446 qui
1646 4372 1764 4426 defectus
1784 4381 1811 4425 et
1830 4371 1895 4424 sitia
1917 4371 1957 4422 rci

1185 4464 1338 4519 vendendae
1355 4463 1518 4527 occultando,
1530 4463 1672 4534 qualitates
1684 4477 1738 4512 non
1753 4459 1902 4512 existentes
1911 4477 1959 4510 os·

1187 4548 1322 4614 tentando,
1337 4557 1364 4601 et
1378 4547 1459 4602 variis
1472 4546 1617 4601 mendaciis
1626 4557 1653 4599 ct
1663 4543 1766 4597 artibus
1777 4551 1895 4596 ementes
1909 4540 1958 4594 dc-

1186 4633 1324 4707 cipiendo,
1339 4640 1367 4685 et
1380 4632 1545 4698 seducendo,
1572 4631 1625 4687 sibi
1649 4629 1803 4699 iniquitatis
1824 4628 1960 4682 thesauros

1187 4725 1296 4790 parant,
1308 4725 1387 4787 prout
1399 4735 1445 4770 cos
1459 4715 1589 4769 describit
1606 4712 1704 4766 Mattb.
1718 4712 1750 4764 cle
1768 4709 1877 4781 Affliet.
1899 4711 1959 4763 libr.

1189 4815 1212 4855 t.
1232 4810 1318 4852 const.
1338 4817 1414 4869 regn.
1434 4799 1543 4854 natata.
1572 4809 1613 4852 tt.
1632 4795 1728 4867 defici.
1754 4796 1904 4848 Mercator.
1929 4795 1960 4847 in

1186 4883 1320 4938 vendunt.
1340 4883 1448 4938 mercib.
1466 4902 1544 4955 quam
1563 4881 1629 4936 citat
1640 4890 1667 4936 et
1685 4879 1806 4950 sequitur
1825 4880 1895 4932 Pete.
1914 4878 1962 4932 Ca·

1187 4967 1251 5020 ball.
1282 4967 1404 5020 nescim.
1424 4967 1511 5022 Crim·
1530 4968 1637 5022 Centar
1664 4977 1687 5017 2.
1705 4967 1771 5020 Cas.
1801 4975 1858 5018 ttt.
1886 4982 1914 5014 n.
1935 4977 1959 5014 s.

1188 5051 1297 5118 subjicit
1312 5053 1461 5122 exemplum
1475 5052 1552 5121 bajus
1565 5050 1664 5104 tarinae
1678 5049 1807 5111 hominis,
1820 5047 1906 5118 quiin
1920 5046 1963 5097 di·

1188 5151 1276 5188 versas
1290 5135 1441 5188 Provincias
1457 5135 1566 5188 miserat
1584 5135 1700 5188 Croesum
1719 5149 1764 5185 seu
1791 5128 1961 5186 Zafferennm

1190 5218 1300 5284 falsum,
1326 5237 1374 5289 pro
1395 5237 1456 5273 cero
1475 5229 1502 5274 et
1519 5219 1601 5282 bono,
1620 5218 1665 5289 qni
1685 5217 1759 5286 utiq;
1778 5215 1811 5268 ad
1831 5213 1961 5268 mercium

1190 5315 1354 5377 corruptores
1369 5307 1469 5376 poterit
1480 5304 1619 5360 commode
1630 5303 1734 5358 referri.
1747 5302 1780 5354 Et
1792 5303 1902 5354 relatum
1917 5319 1963 5352 no·

1191 5390 1232 5443 bis
1246 5399 1286 5444 est
1300 5413 1313 5444 a
1327 5391 1383 5445 siro
1402 5387 1456 5445 lide
1472 5389 1553 5462 digno
1573 5389 1724 5463 exemplum
1733 5425 1741 5456 ,
1753 5387 1825 5460 qood
1836 5387 1964 5442 Scriber-
