4478 6350
724 537 976 599 tucnnntouun
994 533 1253 592 nurmtntotsuu
1272 533 1417 592 tntum.

881 719 1276 790 POSITIOI.

752 902 999 972 Incendiorum
1022 901 1255 992 definitionem
1278 899 1402 968 tradit.

305 1131 462 1204 incrudis
486 1128 594 1220 (quse
615 1121 810 1192 brevissime
832 1119 1182 1187 definiuntur-domno
1209 1121 1285 1212 igno
1309 1119 1406 1206 dcta)
1422 1137 1500 1184 sunt
1517 1143 1639 1209 poenae
1655 1141 1861 1212 peccatorum

349 1229 390 1290 ab
417 1219 609 1288 bominibus
631 1213 897 1290 commissorum,
922 1223 953 1278 et
977 1211 1005 1277 si
1028 1209 1214 1302 frequentia
1239 1222 1335 1296 sunt,
1364 1232 1438 1276 mox
1461 1224 1631 1278 secuturae
1648 1214 1747 1280 totius
1761 1215 1861 1284 Orbis

348 1333 510 1383 trrrrmm
533 1303 796 1398 conflagrationis
818 1302 951 1369 indicia.

480 1541 504 1592 s
523 1542 553 1595 U
566 1536 603 1591 Μ
616 1535 652 1588 di
664 1533 693 1587 A
712 1535 737 1586 tt
755 1534 773 1586 1
789 1530 818 1584 A
1144 1527 1256 1601 Insuper
1279 1529 1403 1584 incendia
1427 1529 1584 1600 praesertim
1607 1528 1785 1602 ircrpsentiora
1811 1556 1870 1608 pro·
1908 1551 1922 1591 2

1108 1608 1196 1665 dromi
1215 1623 1278 1666 sunt
1297 1631 1359 1666 mox
1378 1623 1513 1665 secuturae
1531 1614 1612 1667 totius
1632 1616 1713 1668 Orbis
1741 1628 1868 1674 terrarum

294 1709 622 1776 Imhmpwm
654 1710 896 1755 mmmm.
1107 1695 1348 1765 conflagrationis,
1378 1697 1408 1748 in
1431 1714 1482 1770 qua
1508 1705 1575 1749 teste
1595 1700 1681 1751 Petro
1710 1710 1732 1750 t.
1757 1720 1819 1771 cop.
1847 1719 1870 1758 s.

293 1793 438 1856 punita,
455 1719 844 1860 pmeserrinrirequentiom,
861 1793 926 1836 sunt
942 1783 1056 1852 prodro·
1108 1777 1183 1831 Coeli
1200 1797 1261 1831 cum
1286 1782 1402 1833 stridore
1424 1780 1619 1848 praeteribunt,
1645 1782 1775 1837 elemento
1799 1789 1871 1840 velut

329 1877 370 1930 m·
394 1893 462 1928 ,m
472 1869 595 1941 sapum
620 1866 852 1939 conflagrationis
868 1867 954 1920 corius
980 1883 1058 1920 mun·
1107 1863 1253 1918 aestuantia
1271 1867 1421 1929 solventur,
1440 1876 1561 1934 terreque
1579 1875 1608 1917 et
1625 1883 1691 1936 quse
1708 1868 1871 1944 inesopere

328 1961 365 2016 di.
380 1979 409 2014 rr.
427 1971 451 2011 2.
1107 1955 1184 2010 scrut,
1209 1958 1362 2001 exurentur.
1388 1949 1612 2017 Quotiescumque
1636 1949 1720 2017 igitur
1745 1953 1870 2010 lncersdio

294 2043 454 2114 lepticarto
468 2036 649 2110 definitionis.
662 2055 690 2090 n.
705 2048 729 2088 ³.
1107 2029 1256 2093 cernimus,
1275 2047 1404 2084 memores
1423 2030 1507 2082 simus
1526 2041 1691 2102 peccatorum
1702 2045 1869 2103 nostrorum,

299 2125 512 2184 Animam
520 2122 628 2194 proprie
638 2117 966 2176 committiturtautnmin
977 2133 1057 2184 proe-
1107 2121 1136 2164 et
1154 2113 1321 2169 subsecuturi
1340 2114 1442 2168 Judioii
1455 2115 1582 2178 extremi,
1599 2114 1627 2166 in
1640 2133 1692 2184 quo
1705 2119 1798 2172 DEUS
1810 2125 1872 2174 uui·

329 2210 384 2267 diis
396 2207 509 2266 omanis
522 2217 549 2258 et
560 2205 740 2262 suburbanis?
754 2203 821 2271 Il'eg.
834 2212 932 2258 contro
944 2203 1057 2256 Hsnrie,
1107 2195 1203 2266 cuique
1220 2197 1315 2252 reddet
1331 2196 1473 2251 seeundum
1492 2215 1572 2270 opere
1590 2198 1685 2270 ipsius.

331 2313 350 2348 a
366 2291 489 2366 Qud„
505 2309 534 2342 η,
550 2299 575 2340 4,
1141 2277 1282 2336 Creteruru
1301 2279 1492 2350 descripsimus
1510 2279 1539 2332 iu
1554 2280 1693 2336 Positione
1710 2285 1759 2340 bec
1779 2288 1869 2342 incen-

1108 2362 1165 2428 dia,
1183 2363 1253 2435 quod
1272 2363 1329 2416 siut
1347 2363 1443 2418 &mna
1456 2364 1518 2433 igne
1537 2363 1611 2428 dala;
1631 2367 1670 2420 ita
1695 2369 1767 2422 enim
1792 2355 1875 2442 gene-i

298 2402 414 2520 pom,
433 2470 598 2532 pecmmrnm
617 2473 674 2512 esse
691 2453 814 2508 ineundis
839 2471 892 2508 non
917 2453 1003 2504 solum
1028 2453 1058 2504 in
1108 2448 1201 2501 mliter
1217 2449 1390 2520 concipiendo
1408 2449 1462 2502 init
1479 2447 1642 2521 descriptio,
1662 2463 1693 2507 ut
1711 2473 1742 2508 eo
1760 2473 1873 2512 mmnm-

296 2558 391 2614 peoete
410 2545 504 2598 Sacrae
524 2552 655 2595 testantur
672 2541 795 2609 pruinae,
815 2547 846 2592 ut
869 2539 948 2591 Prot.
976 2546 1015 2589 tc.
1034 2553 1057 2587 r.
1109 2532 1169 2584 dius
1187 2531 1220 2586 od
1244 2533 1349 2606 species
1375 2534 1512 2588 Positiooo
1536 2546 1664 2606 aequente
1689 2541 1874 2611 proponendos

297 2644 322 2685 r.
341 2631 431 2690 Pluet,
448 2627 538 2696 inquit
556 2624 655 2687 David,
682 2639 761 2693 super
784 2631 932 2693 peccatores
954 2621 1059 2689 laqueos
1108 2618 1194 2687 possit
1212 2619 1341 2688 applicari
1352 2617 1410 2670 oid.
1423 2621 1582 2674 iisrtmsnn.
1601 2623 1874 2696 Vultejslnsirprud.

296 2714 383 2784 ignis,
402 2723 430 2765 et
452 2711 580 2780 sulphur,
604 2716 632 2760 et
657 2705 770 2778 spiritus
795 2705 971 2776 procellarum
996 2721 1059 2774 pars
1110 2705 1191 2754 nom.
1209 2703 1270 2756 libr.
1292 2717 1313 2758 t.
1332 2723 1356 2758 e·
1376 2713 1419 2755 ts.
1437 2723 1464 2757 o.
1489 2716 1532 2760 st.
1558 2707 1609 2760 Per
1633 2707 1759 2762 damnum
1784 2723 1872 2766 antem

295 2797 384 2850 utici,
402 2812 508 2856 mmm
527 2790 711 2860 exemplisque
734 2788 908 2860 comprobant
937 2785 1060 2842 Sodomi-
1111 2783 1301 2856 descripsimus
1325 2796 1479 2859 propterea,
1498 2789 1560 2858 quis
1578 2789 1704 2844 damnum
1728 2792 1874 2850 diminutio

297 2893 345 2934 ter.
362 2881 432 2933 Gen.
449 2897 512 2947 cap.
530 2889 554 2928 s.
571 2873 672 2936 Nadab,
690 2881 719 2928 et
734 2871 869 2942 bbiu,qui
881 2873 971 2940 ignem
988 2873 1060 2926 Ι)Εο
1112 2877 1154 2921 est
1170 2871 1328 2941 patrimonii
1346 2871 1365 2924 Ι.
1387 2883 1410 2924 ³.
1419 2870 1460 2941 ff
1478 2873 1510 2926 de
1529 2874 1623 2927 damn.
1637 2874 1732 2945 insert.
1746 2877 1874 2934 Baocbov.

295 2965 448 3018 obtulerent
463 2960 595 3025 alienum,
615 2956 700 3014 levit.
713 2975 772 3023 cop.
788 2969 828 3009 to.
844 2956 1060 3024 Veruminspe·
1112 2958 1303 3012 Commentar-
1320 2960 1392 3012 Inst.
1408 2975 1449 3028 pr.
1468 2957 1508 3012 od
1523 2962 1556 3013 h
1576 2961 1669 3032 Aqott
1690 2963 1761 3033 quod
1786 2966 1876 3036 ipsum

294 3049 337 3100 eie
348 3046 429 3100 etiam
442 3053 544 3113 peccota
556 3051 707 3106 recensent,
724 3039 822 3110 quibus
835 3048 973 3110 permotus
988 3039 1060 3092 Deus
1113 3040 1137 3090 si
1153 3039 1206 3092 ulls
1224 3040 1258 3092 de
1276 3055 1319 3104 rs,
1339 3049 1410 3092 certe
1427 3040 1462 3092 de
1483 3041 1609 3097 incendio
1632 3061 1736 3116 quoque
1756 3065 1876 3104 asseren-

294 3225 381 3279 octus,
407 3209 590 3282 bypccryticus
613 3220 642 3264 et
668 3208 802 3276 neglectus
833 3206 885 3259 Dei
911 3207 1012 3269 cultum
1033 3218 1063 3263 et
1109 3207 1223 3262 'teritum
1241 3207 1385 3278 proclivior
1401 3209 1444 3262 sis
1462 3209 1515 3276 sit,
1532 3227 1610 3282 quam
1630 3213 1655 3264 si
1680 3213 1800 3268 incendii
1821 3217 1877 3270 sim

296 3297 433 3368 imprimis
451 3295 506 3348 diei
527 3295 638 3348 Ssbbeti
655 3293 760 3346 ebusus.
780 3291 833 3346 Ser
854 3289 912 3344 dies
931 3309 979 3362 per
992 3291 1061 3346 heb·
1113 3292 1318 3364 persentiscunt.
1337 3292 1495 3348 limitatum
1512 3305 1601 3350 sutem
1620 3293 1712 3350 damni
1725 3300 1879 3355 vocabulum

297 3378 435 3435 demadem
452 3379 565 3447 largitur
583 3376 660 3430 nobis
675 3377 768 3429 DEUS
783 3372 977 3442 impendendos
989 3393 1060 3428 com·
1113 3386 1168 3441 est,
1186 3375 1256 3446 quod
1274 3379 1379 3446 generis
1391 3379 1448 3431 loco
1460 3377 1593 3448 positum,
1607 3379 1671 3433 dum
1685 3379 1802 3450 s'dditur,
1818 3385 1881 3454 igne

296 3464 399 3527 modis,
416 3473 444 3516 et
460 3459 842 3531 negotiisnostris,nnicum,
859 3459 991 3512 nimirum
1017 3475 1059 3511 se·
1113 3459 1217 3522 datum:
1241 3461 1315 3530 Ignis
1338 3463 1413 3516 euim
1438 3480 1516 3516 cause
1540 3462 1619 3532 buius
1643 3463 1738 3520 domni
1757 3479 1816 3536 est,
1834 3473 1883 3541 qui

276 3581 278 3588 ι
298 3550 427 3620 ptimsnn,
447 3547 477 3599 in
495 3544 680 3598 arctissimae
698 3542 799 3612 quietis
823 3559 885 3596 sure
903 3543 1062 3596 memoriam
1113 3545 1155 3596 sel
1169 3559 1213 3596 sus
1233 3555 1329 3613 sponte
1346 3545 1454 3614 oritur,
1467 3546 1508 3600 rel
1521 3545 1641 3603 hominis
1654 3547 1722 3604 iacto
1735 3551 1881 3606 recenden-

297 3649 447 3693 roserraus;
461 3631 531 3682 hunc
543 3629 599 3681 auis
617 3627 742 3698 operibus
760 3626 980 3684 meditationibus
994 3627 1063 3682 divi·
1116 3635 1143 3678 te
1158 3624 1296 3680 incitetur.

296 3719 352 3780 nis,
377 3715 501 3785 quumvis
525 3723 553 3767 et
576 3712 623 3764 hie
646 3729 688 3765 res
711 3723 802 3765 nostra
822 3721 927 3780 egetur,
947 3711 1062 3768 eddixit.
1152 3709 1238 3762 Aliter
1259 3709 1417 3767 incendium
1441 3713 1572 3771 describit
1595 3719 1708 3774 Henric.
1732 3739 1749 3774 ι
1773 3721 1882 3792 Segusio
1921 3737 1935 3779 t

296 3801 397 3852 Verum
415 3813 463 3848 nos
482 3794 546 3848 boni
571 3792 722 3846 Christiani
749 3803 804 3848 tots
829 3794 887 3848 iere
910 3795 1064 3864 septimane
1115 3793 1246 3848 cardinal.
1265 3795 1451 3851 nescienti
1469 3801 1573 3852 Summ.
1593 3803 1705 3858 linbrie.
1726 3805 1762 3857 ds
1791 3805 1885 3861 ineen-

285 3871 439 3944 terimur,
457 3880 595 3941 otismur,
620 3876 787 3932 lascivimus:
812 3877 946 3932 Ssbbstbo
971 3878 1062 3948 inspe-
1117 3875 1215 3930 diariis
1227 3895 1255 3930 n·
1271 3891 1293 3934 t.
1308 3879 1385 3950 Quod
1404 3880 1559 3935 incendium
1579 3885 1752 3941 sitineeosus
1765 3889 1880 3944 aedium.

284 3953 387 4018 ‘olente
399 3963 673 4036 populo,mercemur;
686 3961 875 4024 nundinamur,
889 3962 1065 4032 negotiamur,
1118 3959 1153 4012 Et
1172 3960 1326 4016 incendium
1345 3965 1455 4036 proprie
1471 3967 1602 4022 committi
1620 3969 1649 4021 in
1668 3971 1785 4041 proediis
1805 3973 1885 4028 urbs-

295 4051 473 4114 rusticemur,
492 4046 704 4118 peregrinemur,
717 4046 895 4110 convivamur,
915 4047 1069 4115 epulemur,
1120 4045 1182 4109 nis,
1200 4055 1229 4098 et
1246 4045 1419 4113 suburbanisr
1438 4048 1484 4102 sed
1503 4049 1533 4102 in
1552 4052 1661 4106 rusticis
1675 4055 1829 4109 incendium
1844 4058 1886 4110 di·

295 4132 478 4195 iusbrismur,
498 4140 538 4195 et,
556 4129 627 4200 quod
644 4126 827 4184 Ceoodemoue
846 4131 906 4183 scil.
923 4131 1070 4201 praeside,
1120 4129 1145 4182 ci
1163 4130 1382 4202 combustionem.
1402 4131 1455 4186 Sed
1472 4133 1588 4188 nimium
1607 4137 1730 4207 specialis
1755 4140 1820 4193 brec
1844 4145 1885 4196 si-

296 4216 368 4270 nullo
386 4215 449 4267 inde
469 4213 588 4283 sequitur
605 4214 735 4282 negotio,
751 4213 885 4276 rixemur,
907 4212 1071 4269 fornicamur
1122 4211 1200 4266 detur
1218 4230 1275 4266 esse
1288 4209 1424 4279 delinitio,
1438 4233 1487 4270 nec
1499 4217 1653 4274 differentis
1666 4221 1712 4274 ille
1725 4222 1844 4278 incendii
1860 4238 1888 4282 et

297 4311 347 4356 etc.
365 4308 393 4352 el
409 4306 533 4350 sexcenta
552 4295 618 4350 alias
637 4295 702 4368 quid
720 4297 840 4361 mirum,
860 4295 886 4348 si
911 4297 982 4352 Deus
1004 4315 1074 4352 eom·
1122 4294 1313 4348 combustionis
1330 4313 1381 4366 pro
1397 4298 1566 4369 praediorum
1585 4303 1751 4370 diversiute,
1765 4317 1807 4359 est
1821 4323 1886 4378 per-

295 4382 441 4440 mimtloni
459 4398 520 4435 suae
538 4380 640 4452 pondus
659 4381 748 4434 inesse
766 4380 878 4450 jubeat,
897 4399 977 4452 quarn
996 4400 1074 4453 prae·
1123 4391 1209 4450 petus.
1227 4379 1299 4432 Hinc
1317 4378 1396 4449 Cojus
1414 4381 1548 4438 JCtusin
1575 4385 1593 4440 i.
1621 4399 1646 4438 s.
1659 4385 1701 4454 ff.
1722 4387 1756 4442 de
1778 4389 1885 4444 incend.

296 4468 370 4521 diris
393 4466 496 4519 lenem.
514 4482 578 4535 cap.
607 4475 650 4518 tt.
668 4481 698 4518 o.
724 4477 767 4517 27.
787 4465 817 4519 st
837 4481 896 4518 non
914 4464 1073 4523 obedieritis
1123 4463 1196 4517 ruis.
1208 4473 1256 4517 etc.
1266 4463 1421 4520 indistincte
1433 4468 1565 4537 loquitur:
1582 4471 1635 4541 Qui
1654 4470 1730 4524 redes
1749 4489 1885 4525 seersum-

299 4552 382 4616 mibi,
401 4559 430 4604 ut
448 4545 623 4603 sanctificetis
642 4548 716 4601 diem
739 4548 888 4616 Subbatbi,
908 4569 942 4605 ns
961 4554 1074 4622 portetis
1123 4567 1153 4602 re
1169 4545 1299 4601 irumenti
1315 4550 1386 4618 juxta
1405 4547 1514 4603 domum
1526 4555 1643 4621 positum
1656 4553 1838 4608 combusserit.
1853 4556 1886 4610 Et

297 4650 380 4699 onos,
397 4650 446 4686 nec
463 4631 653 4700 ingrediemini
672 4650 732 4686 cum
749 4651 831 4687 onere
850 4651 897 4704 per
914 4645 1004 4705 portes
1026 4639 1072 4690 ,1ο-
1123 4653 1180 4688 casa
1198 4635 1227 4688 iu
1248 4635 1308 4688 ville
1327 4634 1433 4688 incendi
1452 4635 1552 4690 dicitnr
1570 4639 1601 4692 in
1625 4639 1654 4693 in
1681 4638 1700 4692 l.
1724 4637 1885 4708 capitolium

298 4719 413 4774 rnsslsm
431 4717 487 4770 diei
506 4717 653 4782 sabbathi,
671 4718 829 4772 succendam
850 4719 941 4789 ignem
963 4719 993 4773 in
1005 4738 1069 4791 por·
1124 4726 1166 4770 ts.
1183 4713 1206 4786 5.
1228 4711 1318 4786 ¹²·ff·
1336 4719 1369 4772 ds
1385 4735 1468 4788 poen.
1487 4720 1661 4776 Sicutinsuls
1674 4719 1794 4777 comburi
1807 4723 1825 4774 t.
1843 4735 1882 4776 tt.

303 4803 342 4855 sis
373 4804 454 4871 qus,
479 4801 526 4874 qni
550 4799 688 4856 devorabit
712 4800 804 4858 domos
833 4805 1001 4872 Jerusalem,
1025 4823 1074 4860 nec
1113 4799 1156 4868 ff
1169 4801 1202 4856 de
1219 4803 1352 4858 cornmod·
1372 4803 1493 4876 etperic.
1510 4803 1553 4860 rei
1568 4808 1651 4862 vend.

301 4885 477 4958 ordumetur.
