4478 6350
336 501 387 558 stt
678 501 727 555 DE
744 499 863 558 MORAE
882 501 1037 558 renutu.
1058 501 1175 556 tttsrttt.
1194 501 1239 558 ET
1258 501 1454 562 utvtstotttt.
1734 511 1785 567 356

264 605 314 660 dos
330 611 448 668 veteres,
460 599 558 672 quibus
575 615 687 671 purgare
705 618 733 654 se
751 611 777 654 et
793 602 973 656 innocentiam
986 601 1031 654 de·
1090 619 1104 653 a
1124 602 1154 656 B.
1172 603 1302 672 Eugenio,
1321 611 1425 677 petente
1444 591 1569 663 ludovic.
1588 610 1766 684 Imperatore,
1786 629 1857 668 com-

268 697 422 744 monstrare
442 685 620 752 conabantur,
638 685 683 755 qui
703 703 756 738 nou
775 695 886 756 possunt
904 703 956 739 nou
974 703 1033 740 esse
1083 687 1200 756 positam
1219 689 1314 758 allegat
1333 691 1411 762 lleig.
1430 693 1457 746 el.
1475 693 1492 746 l.
1512 713 1539 747 n.
1560 704 1600 748 tt.
1621 708 1648 750 et
1666 713 1739 770 seqq.
1758 697 1855 751 Merito
1895 707 1909 748 r

264 772 401 844 perspecti
429 771 561 839 planeque
584 769 682 840 cogniti
712 769 781 833 illis,
805 768 902 839 quibus
925 769 1032 839 aliquod
1084 790 1145 826 vero
1162 774 1277 842 rejectae
1295 785 1356 828 sunt
1369 776 1503 844 ejusmodi
1522 780 1706 849 purgationes,
1726 799 1755 834 aa
1776 782 1851 834 dam.

267 854 396 928 temporis
417 854 541 907 historiis
558 853 679 907 tribuere
690 855 845 926 perplacuit.
859 855 931 908 lline
942 853 1033 908 obser·
1084 865 1173 922 natae,
1190 873 1241 928 per
1256 875 1279 910 e.
1299 856 1404 912 Dilecti
1421 871 1448 914 et
1464 870 1484 912 2.
1503 871 1522 914 t.
1536 863 1569 915 de
1586 865 1689 936 atalgot.
1707 875 1817 935 purgat.
1831 883 1854 919 c.

266 959 325 998 vare
338 942 402 996 licet
414 941 597 1023 purgationem
616 941 733 992 maxime
746 940 886 994 notabilem
900 941 1034 992 Maximae
1084 941 1226 995 mennam.
1248 951 1272 992 2.
1291 952 1396 1015 quaest.
1416 955 1439 996 5.
1457 946 1529 1015 quod
1547 947 1620 1000 euim
1640 959 1788 1002 sanctorum
1803 947 1853 1000 Pa-

267 1024 400 1080 fflmiliae
417 1024 534 1094 virginis
552 1024 621 1094 apud
638 1025 697 1078 vat.
715 1026 787 1076 Max.
807 1023 826 1075 1.
849 1035 870 1078 t.
888 1043 911 1077 e.
935 1035 956 1074 t.
974 1025 1032 1076 Ex.
1082 1033 1151 1076 trum
1171 1023 1325 1081 documento
1349 1027 1481 1081 sancitum
1505 1046 1559 1082 uon
1585 1039 1639 1096 est,
1668 1031 1849 1102 superstitiosa

270 1123 293 1162 t.
312 1111 424 1164 ltlodum
443 1108 596 1180 probandae
612 1107 776 1177 virginitatis
795 1107 939 1162 lanuvinis
958 1103 1033 1160 latni-
1084 1107 1271 1162 adinventione
1298 1128 1351 1164 non
1376 1123 1415 1167 eat
1437 1117 1672 1182 praesumendum.
1699 1115 1850 1186 spontanea
1889 1125 1902 1166 s

265 1196 358 1250 liarem
378 1193 449 1266 apud
467 1191 569 1246 Elian.
587 1193 606 1245 1.
625 1203 663 1244 tt.
683 1210 706 1245 a.
744 1205 769 1246 e.
790 1191 892 1246 Hister.
907 1191 1033 1245 Animal.
1082 1191 1155 1245 enim
1173 1191 1338 1248 consessione
1358 1195 1396 1248 vel
1416 1197 1520 1250 testium
1548 1197 1740 1269 approbatione
1760 1198 1851 1268 publi·

267 1281 300 1334 ln
320 1297 415 1332 sacrae
434 1277 524 1348 Stygis
543 1275 614 1330 ionte
632 1274 702 1346 apud
720 1273 866 1344 Ephesios,
885 1273 919 1325 de
934 1291 987 1344 quo
1001 1272 1032 1323 d·
1084 1291 1137 1333 cata
1157 1279 1265 1346 delicta,
1284 1281 1425 1338 cotumissa
1444 1295 1504 1337 sunt
1521 1285 1651 1354 regimini
1670 1298 1758 1340 nostro
1776 1283 1851 1354 judi·

265 1365 343 1418 etrttt.
364 1364 459 1416 'latios
483 1362 501 1413 l.
522 1375 546 1415 s·
564 1360 682 1430 aliosque
700 1359 792 1412 modos
809 1356 954 1429 purgandi,
973 1358 1031 1428 qni·
1083 1381 1149 1420 (ειη,
1168 1366 1271 1421 occup,
1291 1385 1352 1422 ,em
1371 1379 1394 1421 οι
1408 1367 1539 1439 {mogum
1558 1368 1601 1424 iffi
1620 1383 1679 1426 ,um
1699 1371 1852 1445 ,015ansp

266 1453 317 1506 bus
335 1451 441 1505 miseris
460 1447 615 1504 bominibus
634 1446 717 1502 illusit
734 1446 858 1510 Satanas,
879 1447 912 1497 de
934 1444 1031 1516 quibas
1082 1446 1131 1514 da,
1149 1449 1195 1520 qui
1214 1451 1285 1505 solus
1305 1451 1377 1507 norit
1395 1453 1472 1506 eorda
1492 1449 1611 1508 liliorum
1632 1453 1786 1519 bominum,
1807 1455 1849 1507 in·

270 1551 343 1593 ttttnc
361 1548 511 1586 minonem
531 1529 662 1583 tbsllnffl·
681 1525 759 1578 (30¹¹st
778 1527 843 1578 Pel?
868 1527 986 1596 ¹303&st-
1007 1536 1031 1577 ²·
1082 1532 1141 1601 quit
1159 1535 1285 1604 stephan.
1304 1534 1373 1607 Papa
1394 1535 1423 1589 ia
1442 1555 1504 1591 ean.
1531 1539 1802 1611 consolatoriam.
1824 1551 1847 1590 s.

267 1627 373 1693 prinest-
392 1615 489 1670 illustr·
510 1626 553 1666 ³⁹·
573 1611 642 1665 Phil·
655 1608 786 1664 Canum·
798 1611 872 1664 Celti·
888 1619 912 1659 ²·
930 1612 1031 1662 How·
1083 1619 1149 1670 llam
1162 1617 1212 1673 boe
1225 1632 1292 1675 esset
1305 1622 1361 1675 Deo
1374 1622 1453 1675 veluti
1466 1639 1563 1692 organa
1575 1623 1774 1694 praescribere,
1788 1621 1848 1694 qui·

264 1703 367 1757 eotsee
381 1717 403 1754 e.
420 1710 459 1750 ts.
471 1695 618 1750 Christian.
634 1693 725 1746 Adam.
741 1694 851 1764 Rupert·
868 1691 897 1746 ta
919 1692 1032 1745 Observ·
1082 1699 1131 1754 bus
1149 1703 1309 1756 adsalutem
1329 1717 1461 1769 nostram,
1475 1723 1504 1758 ac
1518 1709 1650 1762 veritatem
1671 1705 1845 1776 indagandam

269 1787 380 1864 Ι«111121.
400 1787 474 1836 Max·
487 1784 505 1834 1-
527 1795 550 1834 ⁸·
564 1799 586 1834 c·
606 1791 627 1832 ¹·
640 1776 664 1851 §-
679 1792 702 1831 ⁶=
716 1779 782 1832 Prile
796 1779 905 1831 ‘teletis
919 1795 979 1832 teto
989 1796 1032 1831 cr.-
1082 1795 1211 1855 operetur.
1223 1785 1364 1842 Concurrit
1372 1827 1380 1854 ,
1394 1788 1464 1860 quod
1476 1791 1538 1844 tales
1550 1790 1719 1862 probationes
1732 1787 1847 1844 nimium

265 1871 444 1929 lebratissinti
463 1877 526 1923 sttnt
544 1867 619 1921 modi
637 1865 767 1938 probandi
786 1865 967 1918 innocentiam
985 1881 1032 1936 per
1081 1884 1205 1942 quantum
1231 1872 1369 1938 vacillem,
1388 1887 1465 1944 prou,
1491 1878 1643 1948 „emplum
1665 1878 1763 1948 ,ηοω
1784 1895 1805 1931 ο,
1826 1887 1849 1929 2·

268 1957 427 2020 numdi
453 1955 604 2008 FERRUM
637 1949 819 2013 CdNDENS,
845 1959 873 2002 ‘l
905 1948 1031 2018 dQUth
1083 1958 1161 2010 mete
1178 1957 1289 2028 ratgar.
1304 1959 1418 2027 purgat.
1438 1969 1465 2013 et
1482 1978 1532 2030 per
1545 1961 1672 2016 naturalia
1687 1960 1774 2015 media
1787 1957 1848 2012 fieri

267 2041 467 2106 Ffflssmffls
485 2041 527 2092 iel
546 2035 780 2100 FERVENTEM.
798 2035 894 2106 quibu!
913 2033 954 2086 ¹¹⁸5
973 2032 1030 2086 ¹⁴⁰0·
1083 2042 1182 2112 possit,
1200 2053 1230 2096 ut
1248 2041 1318 2096 lerro
1337 2043 1459 2100 candenti
1478 2044 1591 2116 allisque
1610 2045 1724 2098 metallis
1743 2044 1783 2098 vis
1795 2045 1848 2097 lae·

265 2139 332 2190 runt
350 2137 452 2182 veteres
471 2143 525 2178 non
546 2135 645 2178 tantum
662 2121 784 2187 Etbnici,
798 2121 843 2174 sed
860 2121 938 2175 etiam
953 2118 1032 2173 Chri·
1083 2125 1165 2178 dendi
1183 2125 1300 2179 membra
1326 2127 1398 2180 nuda
1423 2128 1569 2192 adimatur,
1589 2127 1736 2198 dequibus
1754 2129 1845 2182 lemn.

269 2213 369 2279 atiani,
389 2219 467 2283 prout
485 2218 561 2264 notat
583 2209 630 2262 cit·
649 2207 717 2261 Petr.
739 2205 817 2275 lleig.
838 2225 864 2275 p.
885 2216 909 2255 2.
927 2211 1030 2274 quaest·
1081 2207 1107 2262 d.
1126 2209 1221 2263 mirae.
1240 2211 1305 2263 Nat.
1324 2209 1342 2260 l.
1364 2219 1388 2262 2.
1405 2228 1428 2264 c.
1442 2221 1483 2264 st.
1503 2223 1528 2266 et
1545 2209 1657 2265 iacetnn
1679 2210 1744 2264 satis
1763 2212 1847 2264 bisto-

266 2297 370 2350 Illastr.
390 2305 433 2348 ts·
452 2311 480 2348 a.
502 2306 543 2345 ts.
557 2301 583 2346 at
601 2307 672 2362 seqq.
684 2291 741 2343 loco
754 2287 922 2359 probationis
934 2286 974 2339 rei
986 2306 1030 2341 oo·
1080 2293 1147 2346 riam
1166 2292 1215 2345 hac
1234 2291 1268 2345 de
1286 2311 1316 2348 re
1334 2305 1452 2350 recenset
1469 2293 1563 2365 duger.
1590 2293 1722 2366 Busbequ.
1740 2295 1792 2369 Ep.
1823 2304 1846 2347 t.

268 2381 368 2445 cultae,
386 2389 418 2432 ut
442 2377 615 2434 matrilcstnm
639 2374 773 2438 evaderet,
792 2373 897 2427 cuidam
922 2391 1029 2446 compe·
1078 2395 1105 2446 p.
1124 2393 1159 2428 m.
1179 2389 1239 2431 ssu.
1259 2387 1284 2430 et
1304 2395 1377 2450 seqq.
1400 2379 1478 2432 Plura
1503 2378 1536 2432 de
1559 2379 1602 2432 bis
1622 2377 1842 2450 Purgatiouibns,
1884 2391 1916 2432 to

216 2477 231 2519 t
267 2477 321 2522 tere
344 2467 403 2534 jus,
422 2473 468 2516 aut
483 2479 544 2516 esse
570 2461 714 2513 insontem.
740 2457 841 2512 Peioris
859 2457 931 2510 modi
950 2459 1031 2512 vesti·
1081 2459 1186 2529 etquid
1205 2461 1239 2512 de
1262 2459 1296 2512 iis
1320 2460 1500 2528 sentiendum,
1520 2474 1620 2534 praeter
1643 2464 1686 2518 eit.
1706 2465 1840 2518 Camerar.

261 2551 309 2620 agia
332 2559 424 2604 estam
446 2549 478 2602 in
505 2548 533 2601 S.
557 2545 657 2598 Bibliis
684 2553 705 2598 t.
728 2548 795 2616 neg.
823 2555 863 2597 tt.
888 2553 913 2597 et
931 2544 1030 2615 passim
1080 2551 1108 2594 et
1126 2543 1195 2612 lleig
1212 2543 1256 2596 dd.
1273 2542 1301 2596 11.
1314 2543 1378 2598 vtu.
1397 2547 1470 2615 apud
1483 2545 1581 2598 Excell.
1593 2547 1646 2601 Dn.
1661 2549 1694 2602 tt.
1709 2547 1846 2617 Strykium

265 2636 338 2706 ¹apud
361 2631 512 2688 historiens·
533 2631 607 2684 ilinc
632 2647 695 2702 prae
720 2629 833 2684 caeteris
860 2628 1031 2684 memorabile
1082 2625 1110 2679 in
1136 2629 1181 2680 Tr.
1199 2627 1232 2680 ele
1250 2627 1369 2700 quinque
1387 2631 1466 2682 rear.
1484 2630 1520 2683 D.
1541 2630 1574 2684 de
1598 2633 1675 2687 Taet.
1695 2650 1718 2686 c.
1741 2643 1764 2684 t.
1784 2641 1806 2698 ς.
1821 2645 1848 2685 t.

269 2718 438 2787 exemplum,
457 2715 525 2786 quad
545 2713 654 2768 babetur
672 2711 743 2782 apud
762 2709 833 2784 Flor.
855 2724 876 2763 t.
899 2723 923 2764 t.
943 2723 966 2764 ³.
985 2710 1029 2764 ubi
1082 2721 1109 2762 et
1125 2725 1199 2786 sepq.
1217 2711 1316 2766 Christ.
1335 2710 1440 2767 Besold.
1459 2713 1489 2768 ia
1515 2715 1849 2772 sternar.1'rect.aerd.

271 2801 428 2872 tergemiuis
447 2801 511 2853 binc
530 2808 608 2869 atque
626 2796 689 2849 inde
707 2794 851 2859 fratribus,
869 2802 897 2848 et
914 2793 1032 2848 Horatiis
1088 2795 1317 2850 licerer-Under?
1331 2795 1427 2851 Joban.
1446 2798 1526 2853 Jacob
1539 2799 1656 2868 Speidel
1673 2802 1775 2858 Nalad.
1794 2804 1848 2859 Ju-

225 2911 228 2922 =
268 2897 296 2940 et
322 2885 451 2940 Curiatiis
471 2883 596 2952 artusque
620 2879 711 2952 pupuli
738 2880 790 2932 iata
809 2879 938 2952 permissa
961 2889 1032 2932 sont.
1082 2879 1372 2936 marrochitani.
1389 2882 1602 2938 GluendEisen
1618 2887 1846 2957 ingenulosepb.

271 2973 410 3026 neonus
430 2969 539 3041 insuper
551 2967 691 3020 Frontonis
703 2963 804 3018 Datrine
815 2965 847 3017 ll-
860 2963 1033 3030 constitutio,
1084 2965 1215 3016 Mascard.
1235 2963 1269 3017 de
1287 2966 1405 3032 Produc.
1424 2967 1475 3020 vol.
1494 2977 1517 3020 t.
1530 2977 1633 3040 quaeat.
1650 2978 1673 3022 t.
1688 2987 1716 3022 ιι.
1732 2981 1755 3022 ιι.
1768 2979 1795 3022 ιι
1812 2982 1851 3024 ιιι,

270 3067 299 3110 ut
322 3073 415 3110 omnes
445 3051 658 3116 coutroversiae,
679 3049 879 3120 qualescumque
895 3064 942 3114 eae
965 3046 1034 3112 sint,
1084 3048 1194 3103 lilartin.
1219 3049 1293 3104 Delr.
1322 3049 1442 3124 Disqais.
1468 3050 1488 3104 1.
1514 3062 1538 3106 t.
1565 3064 1669 3125 quaest.
1695 3065 1719 3107 s.
1744 3065 1807 3109 sect.
1829 3067 1852 3109 s.

267 3142 355 3196 duello
374 3135 568 3203 definirentur,
588 3136 690 3204 hocque
708 3136 750 3202 jus
777 3132 806 3183 in
824 3148 873 3184 usu
889 3147 948 3184 esse
963 3128 1034 3200 apud
1087 3137 1195 3193 Feralia,
1214 3142 1312 3209 vasqu,
1331 3138 1348 3191 1.
1371 3151 1392 3192 t.
1414 3137 1516 3192 lilastr.
1535 3153 1639 3211 quaest.
1658 3159 1683 3195 e.
1704 3151 1744 3196 to.

268 3227 407 3282 bloscovit.
433 3226 509 3281 testis
526 3234 569 3278 est
589 3221 684 3275 Bodin.
708 3219 744 3274 de
767 3217 873 3287 lirul·
900 3226 922 3268 ⁴·
942 3217 990 3269 ull·
1007 3225 1036 3269 el
1119 3223 1155 3276 Et
1173 3223 1235 3277 binc
1254 3234 1332 3294 patet,
1354 3222 1419 3292 quid
1439 3223 1472 3275 de
1491 3223 1537 3277 illa
1555 3226 1712 3294 quaestione
1731 3223 1851 3280 sentien-
1891 3235 1920 3279 tt

267 3314 333 3384 quiid
350 3311 416 3366 1111111
434 3309 504 3381 apud
518 3319 618 3363 lOSlTOS
640 3306 789 3358 Germanos
806 3301 962 3364 Obillbllel'dli
981 3299 1034 3354 ild.
1086 3307 1165 3372 du‘m,
1183 3325 1233 3377 qm
1245 3305 1393 3377 quaeruut:
1409 3306 1449 3359 Αῃ
1469 3307 1492 3359 gi
1512 3325 1562 3378 per
1581 3307 1765 3379 purgationem
1778 3309 1847 3364 hmo

269 3399 307 3452 sis
326 3397 395 3468 apud
416 3394 547 3465 Ludolpb.
566 3393 704 3462 Erigonem
726 3387 839 3442 Dissert-
858 3387 884 3438 d.
903 3390 1037 3440 stature·
1085 3411 1135 3464 per
1152 3409 1244 3462 aquam
1273 3390 1399 3462 frigidam
1420 3393 1453 3445 de
1475 3389 1609 3447 maleficio
1630 3395 1711 3464 Sagae
1729 3396 1769 3450 vel
1788 3397 1853 3450 atte-

218 3499 232 3538 s
267 3483 344 3553 gina.
372 3481 504 3534 German.
524 3495 546 3530 c.
568 3489 590 3527 s.
610 3477 648 3527 rb.
677 3484 702 3525 t.
722 3481 747 3525 et
765 3491 787 3524 e.
808 3469 886 3522 t.tlt.
906 3480 948 3521 st.
968 3469 1034 3521 Pur·
1087 3475 1143 3527 rins
1166 3492 1296 3544 apparere
1321 3474 1459 3540 videatur,
1477 3475 1574 3530 exinde
1603 3477 1687 3531 ullum
1720 3477 1853 3532 indicium

269 3566 340 3636 gallo
359 3581 406 3635 per
427 3562 526 3616 serrum
542 3551 1037 3623 wndw3202'l00810·fiss·d·put'·
1087 3553 1223 3610 sufficiens
1251 3575 1280 3610 ae
1307 3557 1456 3627 legitimum
1481 3561 1515 3612 ad
1550 3569 1676 3614 torturam
1701 3569 1868 3632 prom'auare¹

266 3661 325 3718 gut.
345 3649 420 3718 aab.
447 3646 487 3699 vel
508 3643 641 3713 ignitum,
658 3650 688 3692 ut
711 3658 734 3692 e.
760 3640 903 3692 Merinum.
925 3649 948 3690 t.
966 3655 989 3691 e
1011 3650 1035 3690 2.
1087 3638 1192 3712 possit?
1211 3641 1269 3694 ttae
1287 3641 1359 3695 enim
1378 3642 1475 3696 merito
1493 3659 1552 3714 neg.
1571 3644 1632 3717 quia
1658 3644 1704 3697 ille
1723 3663 1796 3710 mos,
1817 3645 1853 3698 li·
1897 3659 1927 3699 tr

267 3742 372 3802 paroeat.
399 3743 422 3782 s.
440 3726 518 3784 fiebat
535 3728 576 3782 vel
593 3725 692 3780 ierrura
710 3722 825 3776 calidum
843 3721 978 3792 gestando,
997 3725 1038 3776 rel
1088 3738 1128 3780 cet
1144 3726 1245 3796 passim
1265 3725 1458 3779 cousuetudine
1482 3737 1619 3798 receptus,
1638 3739 1727 3782 nmen
1752 3741 1791 3784 est
1807 3729 1856 3784 de·

275 3835 355 3887 snper
381 3832 479 3887 [ornatas
504 3814 605 3884 aliaque
623 3809 767 3864 earndentia
794 3809 1039 3862 trancurrimus
1089 3809 1303 3879 pravatissimus,
1329 3821 1354 3864 et
1379 3809 1444 3864 ltine
1470 3811 1565 3866 merito
1597 3812 1778 3866 eliminandus
1805 3833 1858 3885 per

270 3901 343 3953 branc
364 3917 462 3952 ntoretn
483 3896 691 3969 probandi,quo
702 3912 762 3948 aere
779 3892 901 3964 ferroque
915 3892 1037 3947 candenti
1090 3893 1155 3946 trad.
1176 3893 1246 3944 Phil.
1264 3895 1349 3946 Henr.
1368 3892 1513 3949 friedlieb.
1528 3895 1556 3949 in
1571 3896 1671 3950 Marii·
1692 3897 1785 3951 Theoi.
1799 3902 1857 3952 Ar-

274 4001 316 4038 rcs
341 3983 477 4052 ambiguae
503 3981 606 4036 decisae
630 3990 705 4044 sunt,
730 3979 764 4034 tu
791 3978 933 4034 inolevisse
957 3977 1037 4032 tradit
1088 3978 1131 4031 tie.
1150 3979 1184 4031 de
1202 3980 1274 4046 Lege
1291 3977 1519 4049 Moraliqaueet.
1541 3991 1583 4034 rs.
1598 3980 1711 4035 'lantum
1732 3984 1817 4046 abest,
1831 3997 1859 4040 ut

272 4070 342 4124 Phil.
361 4068 493 4123 Camerar.
516 4077 586 4122 cent.
607 4059 631 4116 2.
651 4065 745 4120 Medit-
769 4064 875 4118 Ilistor.
904 4073 945 4114 ts.
963 4072 988 4116 ut
1008 4061 1037 4113 iu
1088 4063 1208 4118 dicamus
1226 4063 1375 4134 producere
1393 4062 1468 4116 illam
1493 4064 1607 4134 probam
1628 4063 1767 4121 sufficiam
1788 4067 1859 4121 indi.

277 4154 394 4224 publicis
413 4151 530 4209 Judiciis
555 4152 605 4206 hae
622 4151 700 4204 modo
727 4149 788 4202 lites
807 4163 853 4218 per
880 4147 1036 4200 sententiani
1087 4151 1157 4204 cium
1178 4148 1210 4202 ad
1234 4159 1368 4204 torturam.
1394 4147 1462 4202 Cum
1486 4151 1558 4204 enim
1584 4169 1661 4220 reus,
1689 4153 1798 4207 nonnisi
1826 4169 1860 4208 etr

272 4242 423 4309 diremptae
442 4237 509 4302 sint,
526 4235 568 4290 uti
586 4236 709 4308 pluribus
728 4233 858 4304 exemplis
877 4233 921 4286 eit·
940 4233 960 4284 1.
977 4247 1037 4300 pro·
1090 4234 1230 4288 verisimili
1250 4241 1276 4285 et
1294 4233 1429 4303 probabili
1443 4234 1549 4288 indicio
1568 4236 1588 4288 1.
1610 4250 1633 4289 s.
1658 4243 1680 4299 ς.
1700 4247 1806 4308 oportet
1825 4241 1852 4294 C.

274 4328 329 4380 bnt.
354 4325 483 4396 Exempla
509 4327 593 4388 seire,
611 4324 656 4392 qui
680 4321 819 4391 perrupit,
837 4327 913 4371 notet
936 4315 1038 4368 Chune·
1090 4319 1123 4372 de
1142 4327 1245 4390 quaest.
1263 4316 1332 4386 quod
1351 4315 1430 4386 juder
1450 4335 1497 4371 suo
1516 4319 1626 4373 naturali
1644 4321 1798 4374 ethumano
1816 4324 1860 4389 ju·

273 4411 388 4478 arandam
408 4427 519 4462 uxorem
537 4411 622 4461 llenr.
642 4404 737 4459 Bucari
759 4405 856 4474 lmper.
873 4401 908 4453 de
923 4399 1038 4470 quavid.
1090 4403 1161 4456 dicio
1179 4401 1376 4474 apprehendere
1395 4402 1491 4472 possit,
1511 4411 1537 4456 et
1562 4421 1594 4456 ex
1618 4419 1649 4457 eo
1672 4403 1771 4456 mentis
1792 4420 1855 4458 suae

273 4495 369 4548 llader.
389 4495 419 4548 ia
441 4495 547 4548 Bauer.
567 4498 663 4548 Sanct-
680 4509 708 4560 p.
732 4501 788 4543 tut.
801 4490 914 4542 Martin.
928 4487 996 4542 zett.
1010 4486 1038 4540 ia
1089 4487 1226 4556 sagacitate
1238 4487 1377 4556 colligere,
1392 4503 1454 4539 enm
1474 4487 1562 4557 ipsnru
1581 4487 1706 4540 criminis
1723 4497 1858 4541 auctorem

278 4583 386 4633 Tbeatr.
402 4581 482 4648 Trng.
491 4579 562 4632 Hist.
583 4589 603 4629 t.
618 4577 646 4630 ia
656 4572 726 4645 fiet
737 4577 797 4630 illos
810 4573 890 4628 tttttt.
901 4571 1039 4635 homines,
1090 4591 1161 4639 esse,
1180 4573 1281 4643 dequo
1302 4571 1389 4642 agitor
1413 4573 1437 4624 d.
1463 4572 1480 4624 l.
1507 4583 1520 4624 s
1553 4581 1669 4646 oportet.
1689 4573 1769 4626 vert.
1787 4582 1814 4627 et
1831 4572 1860 4624 si

273 4666 317 4735 qui
331 4664 491 4734 probatione
506 4681 554 4735 per
565 4662 662 4716 serrum
678 4660 810 4724 candens,
823 4675 917 4728 squaru
928 4655 1040 4710 calidam
1091 4658 1148 4721 lu's,
1165 4657 1313 4728 quaestioni
1332 4654 1506 4724 subjiciatur,
1525 4667 1564 4721 at,
1583 4668 1611 4711 ut
1628 4657 1662 4710 da
1679 4673 1725 4710 rao
1736 4657 1859 4727 qrraaatio

271 4749 465 4820 frigidamque,
484 4751 525 4818 jau
544 4765 622 4801 suum
643 4746 841 4800 demonstrasse
860 4753 1041 4798 memorantur
1092 4740 1183 4794 baberi
1202 4740 1303 4812 possit,
1323 4738 1424 4792 indicia
1442 4738 1566 4793 criminis
1594 4738 1779 4794 desiderentur
1798 4756 1858 4808 per-

272 4836 445 4888 alirunnero
468 4844 540 4904 port.
567 4843 591 4886 2.
617 4831 726 4886 Annei.
750 4825 860 4882 virtutis
886 4836 913 4880 et
924 4824 1038 4895 finam.
1091 4825 1166 4890 lecta,
1186 4823 1299 4896 Magnis.
1325 4825 1377 4878 tta.
1397 4822 1543 4878 Brunnem.
1570 4823 1601 4876 in
1627 4827 1710 4878 Pras.
1729 4823 1815 4878 Crr'ur.
1833 4839 1856 4876 c.

274 4921 371 4990 Bojur.
389 4939 418 4990 p.
437 4931 461 4972 t.
482 4918 532 4972 Per
549 4935 642 4989 squam
665 4915 810 4968 ferventem
831 4912 950 4983 purgatio
968 4922 1037 4980 erat,
1092 4923 1115 4966 s.
1135 4911 1245 4962 membr.
1273 4923 1298 4962 s.
1315 4929 1343 4964 rt.
1364 4921 1404 4964 ts.
1423 4919 1452 4964 et
1473 4924 1546 4980 seqq.
1573 4907 1652 4973 adeo,
1672 4920 1699 4963 ut
1717 4909 1814 4972 etiam,
1833 4908 1860 4959 si

273 5023 333 5056 cnut
361 5003 490 5067 accumti,
515 5002 597 5056 missa
620 4999 689 5054 nuda
714 5017 793 5053 manu
819 4997 848 5049 in
870 5013 964 5067 aquam
989 4997 1038 5050 boc
1089 4995 1186 5066 aliquis
1205 5003 1316 5048 torturae
1330 4994 1462 5064 subjectus
1476 4995 1525 5057 sit,
1541 4989 1727 5047 deficientibus
1741 4991 1856 5045 indiciis

273 5087 352 5141 niodo
378 5088 524 5158 probarent
549 5084 835 5154 innocentiamque
865 5099 930 5152 aqna
961 5083 1037 5151 prius
1088 5076 1305 5144 sufficientibus,
1324 5097 1377 5131 nnn
1398 5078 1494 5131 debeat
1510 5075 1584 5130 credi
1604 5085 1775 5140 torturae,et
1793 5095 1858 5130 oon·

274 5171 477 5226 consecrabatur
496 5169 528 5224 ad
548 5171 617 5222 honr
642 5185 734 5232 usum,
754 5169 826 5237 cujus
844 5165 984 5221 formulam
1002 5183 1036 5219 ex
1087 5163 1198 5219 sessioni
1217 5181 1266 5235 per
1292 5180 1350 5217 eam
1374 5174 1505 5228 extortae,
1525 5173 1667 5233 utcumque
1694 5179 1753 5217 reus
1778 5163 1808 5216 in
1828 5182 1858 5217 ea

273 5257 369 5310 Arent.
383 5257 406 5310 .l.
421 5265 445 5307 t.
465 5255 573 5309 Anaul.
586 5253 683 5324 Bojor.
696 5249 805 5304 adducit
819 5251 950 5304 Camerar.
960 5247 1034 5306 citat.
1086 5250 1254 5307 confessione
1270 5249 1494 5322 perseveraverit,
1514 5247 1628 5319 Magnis.
1643 5249 1697 5300 Dn.
1713 5245 1815 5301 Brnnn.
1830 5247 1857 5300 d.

220 5355 235 5396 r
275 5343 292 5393 l.
313 5343 341 5393 la
368 5357 462 5412 aquam
487 5357 548 5393 vero
566 5337 691 5407 frigidam
718 5334 783 5387 nudi
812 5335 1034 5399 immittebantur,
1087 5339 1105 5391 1.
1125 5355 1170 5392 sua
1189 5345 1286 5407 sponte
1303 5334 1368 5388 binc
1386 5333 1672 5405 duit,ltaneprobam
1691 5349 1723 5385 ex
1743 5348 1854 5386 numero

272 5429 347 5494 witti
359 5424 439 5487 ritas,
453 5433 478 5476 el
493 5422 631 5476 svlmulttffl
646 5418 850 5475 wnmrtllwll
860 5419 932 5474 illitu
943 5435 1035 5490 aquus,
1085 5423 1265 5496 legitimorum
1283 5439 1312 5476 ac
1328 5415 1520 5474 sufficientium
1536 5415 1701 5472 iudiciorum
1715 5433 1773 5470 esse
1791 5415 1855 5484 reji-

378 5506 483 5580 stryttt
504 5508 564 5561 Vol.
584 5509 605 5560 I.
1715 5510 1747 5553 21
