4482 6328
340 492 388 550 777
787 479 834 532 DE
851 475 1287 540 CLdUSUHS'NECESSdRHS·
1675 493 1725 564 578

263 565 398 632 saetarum,
417 565 490 622 dubii
508 573 593 623 tsnleu
611 568 657 623 'aut
673 567 899 626 nils'ilsutminns'
914 573 1005 624 saltem
1029 563 1035 640 Ι
1054 583 1094 626 ctn
1112 576 1273 630 servitiorum
1295 593 1347 632 nnn
1370 577 1519 648 iidalitttis,
1545 575 1648 644 dicitisr.
1665 587 1732 642 Cum
1750 589 1796 644 illa

262 649 414 703 tabensium
437 655 567 721 praesenti
588 653 647 706 nuta
664 654 745 722 capiti
767 656 934 724 colophonem
952 655 1004 705 im·
1028 647 1034 740 1
1055 658 1156 709 remitti
1168 659 1277 727 possint,
1296 661 1358 714 haer
1375 675 1462 720 contra
1480 684 1620 737 uunquam,
1637 675 1705 726 salsa
1722 673 1797 734 feudi

263 746 397 801 pommus.
415 735 511 785 Verum
529 751 588 786 cum
605 751 657 787 non
675 735 766 788 leniter
782 736 810 787 iu
826 734 902 788 teudo
919 733 1006 786 isaaco
1053 737 1203 794 substantia.
1221 740 1345 796 Ludnelli
1365 747 1471 816 quidem
1494 762 1652 806 momentum
1675 756 1797 808 admitti·

261 813 436 886 sspforntineo
454 815 627 884 disceptetur,
647 817 846 886 uniuscnjusque
862 818 1003 881 clausulas,
1054 825 1177 883 anus,sed
1191 824 1678 886 incasibus.ubinrohilalslnniaaliun
1742 838 1794 878 asa·
1870 875 1891 882 ,,

260 893 354 962 quibua
370 895 579 956 constituuntur.
599 897 795 942 anan-unu,
813 900 915 944 „nsua
933 897 1004 929 more
1052 897 1117 950 quse
1134 887 1176 936 tric
1193 893 1283 936 cessat.
1301 879 1423 936 Cessante
1438 897 1496 936 sero
1514 883 1615 934 ratione
1636 855 1796 951 pmitiina-

259 971 381 1026 inchoato
403 967 508 1022 uberius·
527 963 655 1033 'deincc'ps
679 963 843 1032 explicaturi.
861 961 911 1022 Et,
935 968 965 1011 ut
987 976 1001 1008 s
1051 962 1103 1026 nis,
1120 975 1202 1017 cessat
1219 975 1247 1018 et
1265 965 1321 1034 ipsa
1337 965 1484 1034 prohibitio
1505 964 1590 1014 lieuda
1609 963 1797 1028 enirn-regola·

261 1053 338 1108 sendo
351 1052 438 1104 isaaco
449 1047 558 1100 initium
570 1046 709 1115 capiamus,
721 1043 858 1114 opinamur
871 1043 936 1094 hauc
947 1055 1004 1091 rer·
1052 1045 1117 1098 riter
1132 1047 1165 1098 ad
1183 1047 1311 1102 foeminas
1322 1067 1374 1102 non
1391 1049 1548 1119 perrecinnt
1559 1047 1620 1118 qaia
1631 1046 1798 1101 servitiorum
1835 1068 1840 1078 ·

259 1137 353 1189 Ιιοιιιιιι
365 1133 542 1186 mnaeatouam
550 1131 578 1180 in
586 1127 676 1182 eodem
684 1127 783 1197 requiri
792 1127 869 1196 'quam
882 1123 1002 1176 manime·
1051 1137 1110 1179 sunt
1126 1127 1267 1198 incapaces.
1287 1131 1395 1184 Gessam
1418 1129 1500 1200 igitur
1516 1130 1564 1182 hac
1582 1129 1701 1193 ratione,
1716 1140 1796 1199 msere

266 1217 328 1270 Tibi
343 1215 427 1284 scrip,-
443 1215 524 1268 libere
541 1222 568 1265 et
584 1207 664 1281 disp:
676 1209 753 1263 omni
761 1208 876 1274 seruitio,
885 1204 1002 1275 seudum
1051 1211 1213 1278 repellendae
1226 1213 1307 1267 sonti
1322 1217 1360 1268 Ut
1378 1225 1475 1270 mosam
1488 1233 1546 1286 cup.
1558 1231 1638 1282 septo
1652 1217 1797 1286 dilegatum

260 1301 311 1352 doc
325 1299 474 1350 eonssteaa:
492 1297 562 1350 Zum
578 1289 743 1362 misensny
759 1293 844 1344 helan.
1050 1290 1162 1346 dilucide
1184 1295 1233 1348 laon
1256 1296 1373 1368 probare.
1391 1299 1425 1350 Bt
1442 1298 1558 1368 manassis
1581 1298 1646 1350 huin
1667 1299 1798 1369 opponatp

296 1379 436 1448 Ejusmodi·
447 1379 522 1432 seoda
539 1394 595 1432 ease
611 1376 696 1431 curias
713 1375 840 1429 nobilium
853 1373 882 1424 in
893 1369 1003 1422 Francis
1050 1377 1118 1444 quod
1137 1380 1172 1433 sit
1189 1382 1436 1446 extraordinarium,
1453 1385 1545 1438 aotam
1564 1392 1715 1440 tamen‘est.
1734 1383 1796 1436 lartio

260 1461 388 1516 Orientdi
408 1477 440 1513 ex
456 1460 516 1514 Jolr.
533 1461 654 1516 Gemmel
675 1468 747 1529 part.
768 1469 791 1508 ι.
808 1465 871 1509 rect.
889 1467 913 1506 s.
931 1455 1003 1507 docet
1052 1455 1178 1524 probandi
1195 1459 1250 1512 rim
1269 1463 1362 1524 inesse,
1374 1461 1497 1532 mamdiu
1514 1459 1637 1531 capitulis
1651 1461 1798 1540 ordinariis

176 1564 182 1574 ·
263 1544 361 1596 Aulon.
379 1541 444 1611 disp.
452 1538 534 1609 send.
548 1543 646 1594 s.tlres.
663 1553 687 1593 s.
705 1542 745 1594 lit.
762 1543 794 1593 L.
812 1536 1002 1590 Ets'rocabulo
1052 1539 1209 1592 contrarium
1223 1559 1274 1596 non
1285 1543 1392 1610 decidit,
1410 1544 1501 1614 Carpe.
1514 1545 1594 1598 Part.
1609 1556 1632 1597 s.
1650 1543 1740 1597 Conrt.
1754 1553 1795 1594 rs.

260 1625 367 1689 Fratue,
385 1624 455 1692 qnod
472 1625 545 1693 Ρη]
559 1623 699 1676 Germanis
715 1621 835 1684 denotat,
854 1619 894 1672 uti
909 1623 940 1670 es'
958 1617 1001 1668 irt-
1050 1617 1107 1687 des·
1126 1631 1165 1673 rt.
1190 1625 1243 1678 Dn.
1268 1627 1353 1680 Struv.
1376 1647 1398 1680 a.
1425 1639 1450 1681 s.
1473 1628 1537 1681 ties.
1556 1637 1580 1680 s.
1599 1645 1627 1679 n.
1647 1635 1672 1678 s.
1689 1615 1796 1678 Curtius

263 1707 448 1776 scriptionibus
459 1706 629 1776 epistolarum
645 1721 698 1759 non
715 1701 873 1770 incognitum
890 1709 938 1764 est,
955 1697 1002 1750 dc·
1049 1699 1137 1764 iunior
1155 1703 1220 1758 ialso
1237 1709 1331 1763 nititur
1349 1709 1503 1763 fundamine
1517 1717 1541 1762 et
1557 1725 1664 1762 errones
1677 1705 1727 1758 Dd.
1740 1707 1797 1776 opt·

261 1793 367 1844 riratnr.
386 1791 479 1846 Differt
491 1809 506 1842 a
519 1789 597 1842 teudo
613 1787 798 1846 conditionata,
810 1783 937 1854 qnodlm
949 1799 1001 1834 nou
1049 1783 1136 1836 nione.
1148 1789 1243 1841 Verior
1255 1791 1325 1842 enim
1344 1791 1408 1844 haec
1426 1803 1472 1858 est,
1488 1791 1557 1861 quod
1574 1791 1728 1859 ubicumque
1740 1787 1797 1840 ien-

262 1873 294 1924 sb
310 1873 434 1924 omnibns
451 1873 566 1924 servitiis
582 1871 692 1924 liberum
710 1869 755 1933 sit,
775 1867 820 1920 sed
836 1865 904 1936 quod
920 1863 1003 1916 deter-
1049 1861 1110 1916 dum
1127 1867 1156 1919 in
1173 1886 1224 1924 nno
1241 1871 1394 1942 degenerat,
1411 1875 1440 1926 in
1458 1875 1565 1944 reliquis
1588 1883 1705 1926 naturam
1724 1869 1797 1922 feodi

262 1957 360 2008 minata
376 1954 472 2007 lrabeat.
490 1951 521 2004 lit
538 1951 658 2006 etinctum
675 1952 808 2020 triplicem
824 1948 908 2002 eidem
926 1945 1001 1999 ieudo
1049 1949 1149 2016 proprii
1166 1953 1260 2005 salsam
1278 1957 1403 2022 retineam
1419 1956 1473 2008 nisi
1492 1964 1620 2008 umenes
1634 1955 1688 2014 illo,
1704 1954 1795 2021 inquo

261 2048 347 2089 nostro
364 2034 453 2087 iranoo
469 2033 596 2087 adscribit
614 2049 646 2086 er
661 2032 792 2087 communi
810 2027 939 2085 mutantia
950 2027 1001 2080 bd.
1050 2025 1156 2083 sendum
1172 2033 1343 2102 degenerarit,
1356 2039 1468 2092 alterum
1481 2039 1625 2092 necessario
1642 2035 1796 2108 dependeat.

259 2118 349 2170 ludn-
367 2117 395 2169 in
414 2126 489 2170 vect.
507 2116 539 2170 de
556 2114 768 2185 division-‘find
785 2133 808 2168 c.
826 2115 873 2166 ult.
890 2113 955 2165 sdes.
976 2123 1000 2163 a.
1048 2111 1107 2162 ism
1125 2131 1184 2170 sero
1202 2117 1305 2172 feudum
1323 2139 1337 2171 s
1356 2121 1471 2176 servitiis
1494 2121 1606 2174 liberum
1624 2136 1681 2174 esse
1697 2130 1721 2173 et
1738 2117 1795 2172 ien-

261 2201 314 2269 Qui
331 2209 418 2252 nmen
436 2199 537 2253 eosdem
550 2199 655 2252 effectus
668 2197 823 2269 simpliciter
833 2206 917 2265 negat.
930 2193 1000 2264 lieqr
1050 2191 1111 2247 dnm
1129 2214 1185 2250 esse
1202 2200 1455 2272 alienabile,·plane
1481 2203 1582 2258 diversa
1601 2213 1669 2256 sunt.
1687 2201 1727 2253 nx
1744 2219 1796 2272 qrao

259 2298 308 2334 noe
326 2282 356 2334 in
372 2281 493 2334 omuibus
510 2283 686 2334 consentimus
703 2279 851 2343 effectibtss,
866 2295 931 2349 qrros
950 2277 993 2330 nd
1049 2271 1082 2326 fit
1104 2287 1132 2330 nt
1154 2281 1288 2352 quandoq,
1313 2283 1420 2338 feudum
1451 2287 1603 2340 concedatur
1625 2305 1659 2341 sss
1687 2285 1796 2340 minen

262 2383 447 2435 saepenumero
464 2376 552 2419 eontra
570 2367 718 2436 expressam
740 2365 874 2418 veritatem
890 2360 1000 2430 tingunt.
1050 2358 1152 2412 recites
1171 2365 1332 2434 Lelan.quod
1345 2379 1430 2420 tamen
1448 2384 1536 2420 resera
1554 2368 1730 2438 improprium
1742 2377 1796 2420 est:

260 2450 335 2500 lllum
355 2457 454 2502 mutum
471 2451 641 2518 agnoscimus,
659 2446 884 2520 monimntum
903 2462 1002 2514 quoque
1049 2443 1183 2511 proprium
1200 2463 1260 2499 sero
1277 2450 1421 2518 appellatur
1445 2462 1564 2520 respectu
1588 2452 1693 2505 illarum
1711 2453 1796 2520 quali·

261 2531 397 2584 succedere
420 2550 470 2587 nna
494 2550 554 2586 cum
575 2533 697 2585 masculis
721 2531 865 2600 permittat.
880 2547 928 2598 per
945 2535 1002 2580 teat
1048 2535 1137 2589 utum,
1149 2545 1212 2598 quae
1222 2547 1342 2601 expressa
1355 2536 1711 2588 conventionemutataenon
1726 2543 1795 2587 sunt.

261 2614 580 2668 murmurassent.
599 2615 781 2668 Necessitatem
799 2628 859 2666 raro
877 2612 1002 2664 clausulae
1052 2608 1165 2675 decedit,
1182 2613 1250 2682 quod
1270 2614 1343 2667 Paris
1358 2617 1392 2669 aie
1410 2621 1497 2670 Puteo
1510 2633 1532 2668 c.
1550 2629 1591 2668 ns.
1608 2625 1691 2684 urget,
1704 2619 1797 2666 snaml-

260 2709 362 2751 nostrse
380 2707 515 2768 extorquet
523 2700 650 2768 generalis
667 2696 850 2768 praesumptio,
863 2711 912 2766 qua
925 2711 1001 2747 omne
1049 2692 1103 2744 lum
1127 2695 1245 2750 ridellcet
1274 2696 1309 2748 ob
1340 2697 1471 2753 felloniam
1498 2715 1630 2766 nunquam
1655 2697 1797 2749 amissione

260 2779 366 2839 tendum
383 2783 498 2852 regulare
520 2799 565 2837 seu
589 2793 684 2836 rectum
708 2779 889 2850 praesumitur.
907 2776 1001 2829 Cautus
1050 2775 1122 2830 iendi
1140 2775 1220 2830 iranci
1238 2779 1326 2848 puniri
1339 2797 1422 2848 posse,
1435 2779 1555 2848 ao,quod
1573 2777 1692 2831 incidens
1705 2779 1734 2830 in
1747 2779 1796 2829 iel-

260 2863 342 2930 ipitur
362 2866 479 2934 quisquis
500 2867 652 2936 cssocupit
675 2865 703 2915 iu
727 2868 859 2914 contractu
882 2857 1000 2921 feudali,
1052 2862 1156 2926 liniam,
1174 2863 1238 2915 illud
1255 2864 1368 2918 alienare
1381 2875 1476 2936 posset,
1493 2865 1526 2916 de
1542 2881 1594 2934 quo
1611 2862 1797 2916 tumendonri-

261 2943 403 3017 prospiciat
415 2948 465 3000 sibi
476 2946 600 3015 ejusmodi
615 2945 743 3008 turmulis,
753 2959 860 3014 quarum
872 2937 1002 2993 beneficio
1049 2961 1098 2995 nus
1116 2943 1219 2998 lendum
1242 2945 1360 3003 francum
1382 2949 1564 3017 constituens,
1594 2947 1717 3016 cogitasse
1741 2962 1795 2998 non

262 3030 498 3098 praesumptionem
517 3029 589 3082 istam
607 3029 741 3083 feudorum
753 3027 895 3096 generalem
913 3023 1002 3077 elidat.
1051 3029 1237 3096 praesumitur.

263 3113 369 3164 Accedit
392 3114 497 3182 insuper
517 3113 584 3182 qnod
609 3111 804 3165 laudamentum
822 3109 925 3177 inipso
948 3107 1003 3173 jure
1087 3110 1267 3178 progredimur
1284 3111 1315 3162 ad
1334 3109 1506 3170 foemineum,
1529 3113 1598 3174 qnod
1622 3129 1681 3165 cram
1699 3117 1797 3168 transit

262 3193 358 3246 feudali
377 3195 428 3247 hcc
442 3196 528 3265 ipsum
548 3193 651 3247 leudam
677 3202 795 3247 nostrum
819 3191 937 3243 iuncum
961 3188 1003 3239 in·
1052 3192 1084 3243 ad
1102 3193 1295 3256 descendentes,
1306 3201 1452 3246 maternum
1465 3191 1617 3260 appellatur,
1631 3207 1796 3242 eoncessum-

262 3277 364 3338 veniat,
387 3277 427 3328 uti
452 3275 553 3344 farrago
571 3276 743 3348 capitulorum
761 3293 775 3327 a
793 3273 844 3326 Dd.
861 3273 924 3325 binc
940 3269 1004 3324 inde
1052 3291 1102 3342 qne
1118 3274 1248 3337 statuitur,
1267 3274 1290 3326 si
1308 3275 1397 3328 literae
1414 3271 1624 3325 investiturarum
1637 3271 1798 3335 contineant,

263 3362 428 3427 allegatorum
446 3360 607 3422 corroborat,
631 3375 695 3428 quae
719 3357 829 3427 capitula
851 3354 938 3408 omnia
957 3353 1004 3405 snb
1050 3355 1187 3417 foeminae
1204 3367 1230 3410 et
1247 3355 1338 3410 liberis
1355 3355 1472 3426 ejusdem
1495 3369 1651 3408 concessum
1676 3369 1747 3418 erse,
1767 3374 1800 3408 ιιι

264 3444 312 3497 tali
329 3441 410 3495 forma
427 3441 531 3494 concedi
542 3459 616 3511 posse
628 3440 732 3494 leudam
750 3442 843 3510 rolant,
857 3439 893 3494 ita
907 3449 1003 3504 tamen,
1053 3443 1158 3497 rechten
1182 3440 1365 3494 Weidner-oder
1381 3437 1601 3493 sanabat-uena.

266 3537 296 3580 nt
313 3527 340 3578 in
358 3535 487 3580 contractu
502 3525 597 3579 feudali
616 3525 784 3594 exprimatur.
1089 3525 1198 3578 anon
1211 3522 1404 3577 conveniuntiu
1417 3519 1548 3574 foemineo
1557 3517 1634 3572 tendo
1648 3518 1795 3573 describen-

203 3622 231 3663 ιι
305 3607 523 3660 Dissentientium
543 3607 638 3678 triplex
651 3623 707 3660 sese
718 3606 781 3659 ordo
798 3605 878 3658 sistit.
896 3605 1005 3660 Primus
1054 3608 1096 3675 do,
1109 3607 1214 3678 quidam
1226 3609 1326 3670 rolant,
1341 3605 1450 3676 requiri,
1460 3609 1488 3656 ut
1499 3622 1513 3656 a
1525 3601 1639 3656 foemina
1652 3603 1681 3654 in
1693 3601 1799 3655 tendum

264 3697 339 3758 negat
357 3686 414 3740 dari
430 3687 534 3741 ieudum
557 3689 672 3741 irancnra
691 3704 722 3741 er
740 3705 785 3753 eo,
809 3687 878 3757 quod
899 3686 1004 3740 feudum
1055 3695 1143 3746 datum
1162 3694 1206 3756 rit,
1222 3691 1335 3763 quidam,
1355 3699 1384 3743 ut
1401 3688 1513 3741 foemina
1531 3687 1564 3741 de
1580 3705 1610 3740 eo
1627 3687 1714 3758 primo
1728 3689 1799 3742 insc-

266 3775 324 3824 sine
339 3767 463 3824 fidelitate
485 3789 537 3824 non
560 3769 644 3824 detur.
671 3769 1005 3824 relampantium.
1055 3774 1138 3835 stlta,
1156 3773 1225 3842 quod
1248 3774 1348 3836 serius,
1365 3769 1470 3840 quidam
1487 3769 1623 3839 pertinere
1648 3767 1680 3821 ad
1706 3769 1798 3822 loerni·
1849 3767 1857 3779 “

261 3852 419 3926 jarisseud.
437 3855 466 3906 in
483 3853 707 3921 nerdfiadoram
719 3852 889 3922 ciraoflnem·
906 3855 1005 3905 Secun-
1054 3873 1145 3918 neum,
1166 3857 1195 3908 in
1211 3873 1262 3925 quo
1279 3853 1410 3908 ioeminae
1431 3863 1506 3924 paeto
1527 3849 1637 3923 quodam
1654 3847 1799 3906 deficienti-

267 3940 316 3992 drts
332 3936 458 3990 foeminas
474 3955 489 3990 a
507 3938 666 3990 successione
683 3937 712 3988 ist
728 3936 802 3988 itudo
813 3934 901 3988 frenco
919 3936 1006 3987 exclu-
1056 3941 1102 3992 bus
1120 3940 1247 4001 masculis,
1265 3937 1297 3992 acl
1315 3937 1502 3991 successionem
1513 3945 1644 4000 rocantnr,
1655 3936 1696 3987 rel
1709 3937 1798 4001 etiam,

268 4024 318 4084 dit,
335 4023 427 4092 quibus
446 4037 473 4076 se
487 4021 597 4076 associat
615 4021 704 4074 lucin.
721 4021 745 4074 d.
763 4029 838 4072 tract.
846 4017 925 4088 seced.
943 4037 1005 4088 cop·
1055 4025 1158 4094 quando
1175 4023 1208 4076 de
1224 4023 1313 4076 eodem
1332 4021 1457 4074 masculus
1474 4027 1501 4072 et
1519 4017 1631 4071 foemina
1644 4018 1723 4071 simul
1738 4031 1800 4072 scrut

269 4107 317 4160 rsit.
333 4105 399 4157 tlres.
419 4113 443 4154 s.
461 4105 538 4158 hocce
549 4113 641 4170 motus,
659 4101 726 4171 qrsud
743 4101 846 4154 tantun
858 4101 885 4152 in
898 4111 950 4152 uno
962 4102 1006 4154 de-
1056 4105 1184 4166 investiti:
1196 4105 1262 4175 qaod
1279 4103 1325 4156 alii
1344 4101 1449 4157 nomine
1463 4099 1533 4152 leudi
1547 4101 1625 4152 mixti
1637 4100 1792 4170 insigniunt.

269 4203 410 4258 generans,
432 4187 460 4238 5¹¹
483 4185 590 4256 reliquii
606 4195 722 4237 ”flium
742 4181 810 4236 studi
828 4182 927 4254 plol’ffi
945 4181 1006 4233 feli·
1056 4189 1107 4242 Nos
1125 4190 1312 4249 existimamus,
1330 4184 1513 4256 proprieiliud
1526 4191 1624 4236 tantum
1638 4181 1797 4237 foemineum

269 4281 337 4326 neat·
362 4268 464 4323 Tettius
480 4271 537 4340 plns
553 4271 623 4338 justo
640 4267 704 4322 illud
721 4265 848 4331 extendit,
863 4275 889 4318 et
901 4265 1007 4318 vassallo
1056 4289 1124 4337 aare,
1143 4271 1175 4323 de
1192 4286 1242 4339 qno
1258 4270 1346 4338 primo
1365 4265 1475 4319 foemina
1501 4263 1629 4316 investita.
1647 4265 1742 4316 Verum
1765 4269 1798 4318 da

271 4352 452 4408 alienationem
470 4351 529 4404 sins
544 4365 669 4403 museum
690 4349 790 4401 domini
813 4346 954 4418 perminii·
971 4347 1008 4398 Ui
1058 4357 1104 4410 hoc
1122 4355 1172 4406 Dd.
1192 4353 1324 4406 lusissime
1350 4350 1432 4404 rideri
1457 4356 1589 4418 poterunt.
1607 4347 1797 4402 Necessitatem

269 4437 341 4488 0⁰12·
361 4433 464 4488 01¹¹de
474 4443 544 4503 ΡΜ·
566 4443 587 4484 ¹·
606 4451 649 4503 stt·
670 4445 693 4485 Β·
714 4451 740 4483 ²¹·
762 4443 802 4483 ³¹·
820 4431 886 4500 Ql'it
907 4429 1006 4500 inquii»
1057 4439 1182 4492 clausulae
1198 4435 1225 4488 in
1244 4431 1369 4502 ejusmodi
1395 4429 1472 4482 ieudo
1495 4427 1623 4484 foemineo
1640 4427 1801 4496 adjiciendae

269 4527 371 4574 secutus
389 4533 446 4569 sum
461 4516 532 4568 illam
556 4516 708 4584 opinionem
726 4513 793 4567 circa
812 4511 1009 4565 declarationem
1059 4521 1124 4574 mihi
1136 4530 1235 4575 tantum
1248 4515 1357 4588 probare
1369 4511 1594 4580 incumbit,idque
1607 4510 1704 4580 duplici
1718 4513 1800 4579 probo

270 4599 341 4654 leudi
358 4599 537 4670 f¹⁸¹¹⁰i²ll¹¹⁰d
555 4599 588 4652 ὅθ
603 4607 693 4651 ΰθῑῑῐῐ·
708 4595 777 4651 studi
792 4595 874 4648 fimi
886 4597 931 4661 ⁵3¹2
942 4596 1010 4666 (1⁰⁰4
1057 4605 1232 4657 fondamento.
1254 4610 1275 4650 t.
1293 4597 1352 4670 quin
1369 4593 1520 4666 regulariter
1546 4591 1576 4643 sd
1599 4591 1724 4643 foeminas
1746 4591 1800 4642 lan-

271 4684 393 4735 eassallus
410 4683 440 4736 in
456 4683 544 4738 eodem
562 4697 614 4734 non
632 4690 765 4743 teneatur,
776 4677 878 4730 alatas
895 4675 923 4730 e'a
947 4695 1010 4747 quac
1057 4686 1117 4738 dum
1135 4702 1188 4736 non
1205 4681 1330 4752 pertinet.
1344 4678 1418 4740 od.§.
1431 4676 1482 4728 toa
1499 4683 1596 4728 erdem.
1614 4685 1634 4724 t.
1650 4671 1684 4724 F.
1699 4683 1721 4723 t.
1735 4685 1760 4724 et
1776 4687 1798 4728 r.

270 4780 389 4835 ⁰¹P¹⁶⁸⁸⁸
419 4777 480 4819 ⁸¹¹ssst
508 4766 537 4818 5²¹
563 4764 756 4835 Ptfflittbllea
781 4762 821 4814 rel
845 4761 1010 4814 continentur
1058 4767 1118 4835 quia
1134 4765 1166 4817 ad
1183 4762 1309 4817 naturalia
1325 4759 1396 4812 ieudi
1412 4757 1536 4829 pertinet,
1554 4771 1588 4808 ne
1604 4753 1732 4806 loeanimc
1745 4773 1800 4806 sarc-

270 4849 298 4898 in
317 4844 399 4900 forma
422 4843 570 4900 fidelitatis.
596 4845 648 4900 sed
665 4847 703 4898 sic
720 4855 773 4910 est,
796 4843 865 4914 qnod
883 4845 912 4895 in
929 4841 1011 4897 iorma
1060 4849 1156 4902 cedant.
1181 4843 1204 4917 5.
1218 4844 1276 4916 Jr'n.
1305 4855 1326 4896 t.
1348 4839 1433 4895 Festi·
1459 4849 1482 4890 s.
1506 4835 1650 4890 Finciellit
1673 4837 1747 4906 Disp·
1777 4851 1800 4892 2.

268 4923 402 4982 fidelitatis
419 4947 471 4984 non
489 4929 643 4993 continetur,
659 4929 726 5000 quod
739 4945 790 4980 uon
804 4925 888 4999 possit
904 4927 1011 4979 alienari
1058 4937 1176 4984 controv.
1200 4937 1239 4980 ts.

269 5011 328 5066 sine
344 5013 470 5064 consemu
486 5011 597 5066 domiui.
615 5011 684 5081 Ergo
701 5010 810 5064 alienari
827 5009 929 5080 poterit.
1092 5010 1152 5062 lion
1169 5025 1211 5062 eos
1229 5007 1304 5060 nobis
1329 5021 1502 5077 opponemus,
1520 5001 1567 5073 qui
1584 5013 1614 5056 ut
1632 5003 1801 5061 meminimus

202 5107 233 5148 ,ss
304 5099 402 5150 vnum
413 5096 497 5166 primi
506 5095 689 5150 dissentientes
698 5093 794 5148 irnstsa
806 5094 931 5146 laborant.
946 5081 1013 5162 Quia
1062 5093 1179 5156 tendum,
1196 5093 1263 5161 prod
1280 5099 1356 5160 pacto
1371 5089 1404 5141 ad
1420 5087 1546 5142 foeminas
1558 5087 1732 5139 transitorium
1752 5095 1800 5148 rat,

270 5193 321 5228 non
340 5175 804 5247 sequiturrieudusn'nondatursins
814 5171 1014 5241 fidelitatr,ergo
1063 5175 1095 5229 ad
1111 5173 1216 5228 leudam
1235 5171 1391 5226 iomninenm
1413 5169 1520 5241 proprie
1536 5167 1575 5219 sic
1591 5165 1706 5226 dictum·
1734 5166 1799 5216 tva·

270 5281 321 5317 uon
340 5264 415 5326 tistut
432 5263 537 5322 iendurn
556 5261 684 5320 inunum.
697 5261 824 5315 l‘rannnna
842 5259 913 5314 enirn
933 5273 1021 5327 respe-
1060 5268 1134 5313 runt·
1150 5257 1220 5311 Satis
1237 5255 1308 5311 enim
1326 5249 1565 5308 reiutantarrerlais
1578 5248 1661 5320 ipsius
1675 5257 1760 5300 textus
1776 5256 1799 5298 ι.
