4482 6328
648 577 987 668 ntseurarto
1011 581 1223 671 nucula
1247 585 1454 688 contra

1024 771 1089 831 DE

464 925 994 1054 tutttuuutttu
1042 913 1651 1062 succutiuntur

812 1181 850 1225 n.
867 1180 919 1258 ²7!
934 1180 1009 1257 scs.
1025 1180 1111 1228 saro
1126 1183 1306 1232 mmu-

891 1349 1219 1396 ΙΗΗΗΗΗ

744 1465 866 1570 soit.
909 1498 1116 1571 sonno
1155 1499 1379 1578 canuto

844 1685 1014 1748 sutum
1044 1690 1270 1752 POMEMN-

811 1909 1311 1950 naq-uun...

848 2139 1326 2236 escensana.v

271 2395 399 2590 Quo·
418 2497 704 2596 sanguinolentior
725 2495 822 2565 biars
837 2507 899 2579 est,
923 2519 963 2566 eo
984 2493 1144 2590 pinguior
1158 2513 1209 2564 est
1223 2496 1445 2592 Triumphus.
1468 2495 1592 2570 Milites
1607 2503 1726 2572 armati
1741 2521 1852 2574 exter·-

269 2617 353 2664 num
378 2605 512 2663 tantum
561 2589 730 2699 repellunt
751 2588 895 2675 bostemt
918 2589 1036 2682 togati,
1060 2587 1290 2658 domesticum.
1321 2589 1452 2660 Armati
1475 2588 1584 2660 adbuc
1606 2616 1704 2662 sanae
1728 2598 1849 2666 mentis

269 2685 356 2755 besti
378 2685 500 2756 strictis
521 2615 615 2752 obsit
637 2695 721 2749 eunt
742 2677 973 2766 mucronibus3
996 2677 1118 2773 Togati
1140 2677 1300 2748 rabidum
1321 2704 1456 2774 sueque·
1473 2680 1511 2780 in
1535 2683 1682 2752 membra
1699 2686 1850 2754 saevien-

270 2787 340 2843 tem
356 2773 581 2845 eruditissima
595 2784 627 2841 et
660 2767 793 2839 l'acabili
806 2770 844 2836 in
858 2768 1048 2837 derelictam
1065 2771 1192 2837 iterum
1204 2781 1430 2866 transponunt
1442 2770 1553 2840 sedern
1569 2772 1695 2866 lingua.
1711 2773 1848 2861 Actum,

271 2866 510 2936 conclamatum
531 2864 574 2933 de
596 2795 693 2934 robis
713 2859 830 2927 fuisset
851 2859 1010 2942 Romani,
1032 2859 1265 2948 Athenienses
1288 2875 1563 2956 caeterarumque
1580 2859 1851 2938 monarchiarum

271 2955 461 3026 Domitotes
484 2954 628 3042 strenui,
651 2951 709 3022 ubi
732 2961 858 3018 exteras
879 2961 986 3017 restro
1009 2949 1176 3042 subjicere
1197 2952 1409 3022 conabamini
1432 2965 1549 3048 gentes
1565 2957 1656 3048 jugo,
1671 2955 1737 3024 nisi
1753 2959 1857 3050 prius

272 3045 448 3116 discordiis
472 3047 618 3114 internis
635 3042 870 3112 advocatorum
901 3037 1058 3109 facundia
1088 3041 1206 3132 sopitis
1235 3045 1441 3113 concordiam
1469 3045 1663 3140 civiumque
1689 3067 1855 3118 mutuum

271 3137 514 3230 plantetissetis
536 3157 694 3204 amorem.
719 3131 815 3222 Quid
846 3128 1026 3222 profuisset
1048 3143 1097 3198 tot
1119 3132 1266 3204 militum
1289 3159 1406 3213 eruore
1429 3133 1573 3230 Lybiem
1602 3138 1740 3206 remotis
1771 3143 1850 3234 juu-

272 3230 357 3298 xisse
381 3228 539 3298 Gadibus
561 3245 594 3294 et
616 3224 756 3317 utrique
779 3221 898 3290 Poeno
917 3244 1026 3292 unum
1056 3223 1250 3314 imposuisse
1273 3227 1457 3312 Iliadem,
1479 3225 1507 3294 si
1530 3249 1599 3294 non
1622 3228 1849 3316 exstitissent,

271 3321 332 3410 qni
355 3319 480 3416 junctis
500 3317 587 3386 bisce
610 3315 781 3406 imperiis,
801 3311 947 3382 OEtibus
960 3312 1002 3380 dc
1017 3338 1055 3383 re
1068 3311 1244 3384 domestice
1266 3314 1481 3411 litigantibus
1494 3317 1670 3424 jusdicere
1693 3339 1727 3388 et
1742 3322 1858 3415 expli--

271 3433 347 3479 care
369 3411 570 3504 potuissent.
589 3407 709 3474 Hostes
732 3405 797 3474 sibi
816 3402 991 3560 principes
1011 3405 1174 3473 aluissent
1197 3406 1234 3472 in
1256 3411 1354 3493 urbe,
1377 3407 1482 3500 inque
1497 3431 1566 3498 apsa
1581 3434 1649 3477 sem
1693 3435 1711 3479 r
1733 3412 1852 3506 inqui·

272 3499 377 3570 rende
399 3501 486 3594 ipsis
507 3497 623 3567 luisset
645 3519 719 3590 pax.
744 3495 815 3586 Qui
841 3542 851 3582 ,
875 3517 990 3562 nonne
1013 3496 1062 3564 ris
1083 3495 1213 3564 consilii
1228 3522 1347 3592 expers
1360 3497 1448 3566 mole
1463 3499 1533 3566 nuit
1548 3497 1633 3568 sua?
1670 3513 1758 3595 tque
1772 3503 1852 3574 binc

274 3591 479 3661 Graecorum
502 3589 583 3659 Dux
605 3589 838 3694 Agamemnon
853 3583 965 3678 plures
978 3585 1132 3656 Nestores
1151 3587 1315 3679 sepientes
1338 3602 1373 3657 et
1395 3588 1601 3682 eloquentes,
1616 3615 1718 3688 quam
1734 3596 1852 3665 A'aces

273 3683 442 3752 bellicosos
465 3704 526 3750 suc
546 3692 677 3772 optarat
696 3677 869 3760 exercitui,
884 3699 918 3745 se
932 3676 982 3744 ite
995 3676 1089 3746 brevi
1103 3677 1205 3769 Troia
1220 3681 1410 3771 potiturum
1431 3703 1571 3788 spernus
1582 3699 1740 3776 tempore.
1756 3621 1862 3776 duid'

273 3774 368 3842 vobis
391 3774 529 3844 ridetur
550 3771 593 3838 de
616 3767 745 3837 cineae
765 3765 888 3835 Nonne
907 3767 1099 3876 tergeminis
1113 3791 1132 3834 a
1147 3765 1278 3861 Pyrrho
1300 3771 1505 3868 magno-itte
1526 3771 1743 3864 Epirotarum
1759 3777 1853 3870 Rege
1976 3841 1979 3848 .

274 3862 417 3934 donatus
438 3877 491 3934 est
512 3860 707 3940 bonoribus
731 3859 793 3926 nbi
816 3859 852 3925 in
877 3859 942 3925 tale
965 3859 1072 3950 ipsius
1093 3860 1250 3964 prorupit
1272 3864 1477 3932 encomium:
1500 3861 1613 3954 plures
1639 3863 1775 3958 subegi,
1798 3867 1854 3935 in-

275 3955 353 4048 quit
376 3956 477 4024 urbes
498 3955 649 4022 oratione
670 3949 818 4033 Cineae,
840 3973 944 4041 quam
967 3947 1129 4017 bellicosis
1151 3971 1233 4018 mets
1256 3950 1424 4022 debellare
1445 3953 1542 4046 potui
1565 3957 1732 4026 manibus.
1757 3953 1864 4116 guid

276 4043 432 4137 judicetis
453 4043 495 4112 de
518 4039 813 4126 Lacedaemoniis,
829 4039 889 4132 qui
914 4061 989 4106 non·
1005 4052 1139 4106 tantum
1160 4039 1253 4126 illos‚'
1275 4050 1409 4111 torvum
1431 4043 1609 4136 gestientes
1631 4047 1743 4116 aniiao
1801 4071 1855 4115 ar·

278 4147 366 4218 tem,
383 4134 443 4204 scd
462 4134 564 4203 etiam
584 4131 683 4201 Marti
709 4129 826 4200 seciam
851 4127 1071 4222 adjungentes
1092 4128 1273 4219 Palladem,
1286 4135 1358 4202 suis
1372 4132 1608 4225 preebciebsnt
1632 4137 1862 4224 exercitibust·

278 4225 504 4310 ostendentes,
527 4224 649 4294 melius
668 4245 737 4292 esse
758 4220 851 4288 nulla
874 4219 958 4286 facta
986 4243 1121 4288 suornm
1145 4237 1252 4328 strage
1283 4223 1443 4317 prudenti
1470 4222 1627 4309 oonsilio,
1650 4226 1775 4319 optima
1799 4252 1856 4296 su·

278 4317 393 4410 perbis
415 4315 571 4410 trophaea
593 4313 724 4406 effigere
807 4311 920 4393 tibus,
943 4333 1049 4403 qnam
1071 4313 1230 4379 neutrubi
1252 4313 1423 4407 deportata
1446 4312 1582 4382 victoria
1604 4338 1714 4409 aequo
1735 4339 1855 4384 cruen-

273 4461 277 4486 ,
312 4479 316 4486 ,
338 4433 380 4476 ue
402 4405 569 4478 discedere
591 4403 729 4498 proelio.
785 4403 852 4472 ales
874 4418 989 4470 autem
1007 4423 1120 4470 revera
1151 4421 1230 4470 sunt
1257 4403 1404 4474 advocati
1426 4403 1552 4487 nostri,
1577 4407 1863 4499 non-sangnine,-

276 4421 622 4594 lddjurisprudentia
645 4493 912 4564 linienteslites.
936 4491 982 4558 lIi
1005 4505 1086 4561 sunt
1102 4491 1166 4574 illi,
1180 4495 1244 4599 qui
1258 4495 1389 4564 civibus
1412 4495 1537 4564 salvam
1559 4495 1771 4590 illaesamque
1786 4499 1863 4564 exi·¹

271 4591 510 4662 dimotionem.
527 4604 725 4682 procurantq
747 4585 783 4654 bi
806 4603 886 4652 sunt
908 4583 972 4667 illi,
987 4583 1048 4677 qui
1067 4583 1156 4652 inter
1170 4583 1482 4656 etresconoordiam
1504 4586 1753 4680 amicitiamque
1775 4611 1856 4654 con·

277 4681 405 4764 ciliant,
428 4693 529 4774 atque
552 4677 707 4766 adcorut
731 4675 820 4744 istud
844 4674 970 4756 Felici,
992 4673 1086 4832 quod
1107 4674 1145 4742 in
1167 4699 1242 4769 cap.
1271 4702 1297 4744 r.
1321 4703 1356 4746 n.
1387 4705 1413 4744 ι.
1437 4703 1537 4747 vers·¹
1556 4675 1675 4746 dubito
1697 4694 1789 4746 extr.
1815 4693 1865 4746 ut·
1924 4685 1930 4710 ¹

278 4771 340 4840 tite
364 4795 434 4840 non
456 4784 634 4839 contestati
659 4767 851 4860 profitetur,
875 4766 935 4836 hic
951 4763 993 4832 ad
1019 4789 1128 4832 marn:
1150 4790 1270 4836 caran
1294 4769 1430 4862 inquit,
1453 4767 1618 4838 advocoto
1631 4801 1645 4848 ,·
1664 4785 1715 4838 est
1736 4793 1866 4838 carere:

278 4885 406 4954 magna
427 4860 566 4928 debitas
589 4857 801 4948 deflensionir
817 4873 935 4950 porte.
960 4853 1048 4923 Cum
1072 4870 1187 4924 autem
1212 4862 1279 4952 jam
1303 4861 1434 4928 nemini
1454 4861 1660 4953 incognitum
1684 4859 1738 4944 sit,
1751 4859 1854 4928 edro-

278 4965 365 5020 cstos
386 4949 559 5043 Reipubl..
575 4949 722 5016 manime
744 4949 940 5018 necessarios
961 4945 1221 5042 utilissimosque
1243 4973 1326 5034 esse,
1349 4951 1650 5040 nemini-'quoque
1682 4951 1854 5044 ingratum

278 5044 554 5134 inacceptnmqne
577 5038 655 5106 lore·
671 5057 774 5131 puto,
797 5037 876 5106 illos
894 5037 1009 5104 tantis<
1019 5039 1159 5131 egregiis
1180 5038 1317 5107 donatos
1338 5064 1408 5109 esec
1431 5038 1475 5107 ab
1498 5035 1759 5130 imperatoribus
1782 5045 1853 5132 pri·

277 5133 427 5228 vilegiisr
448 5130 491 5198 de
514 5129 640 5237 quibus
664 5129 849 5224 privilegiis
870 5151 1032 5220 perpauca
1056 5128 1106 5195 ob·
1123 5128 1308 5222 singulares
1329 5153 1448 5197 causas·
1461 5127 1499 5194 in
1523 5129 1675 5198 medium
1703 5132 1852 5224 prosette

278 5247 409 5291 mecum
431 5222 600 5292 constitui.
626 5221 662 5288 Si
689 5242 764 5290 vero
785 5221 896 5286 omnia
921 5220 1077 5287 nondum·
1094 5243 1155 5287 aen
1180 5219 1238 5286 teti
1263 5220 1357 5301 erim,
1374 5219 1409 5286 id
1425 5221 1645 5314 aequanimus
1670 5221 1788 5289 Lector
1804 5234 1853 5286 te-

278 5311 391 5380 nuiori
415 5314 513 5381 aetati
539 5311 684 5381 discendi
708 5309 816 5379 adltuc
839 5308 979 5402 cupidae
1003 5309 1157 5403 perfacile
1179 5243 1398 5396 condonabit3
1414 5331 1482 5376 non
1499 5311 1589 5377 enim
1605 5311 1853 5394 ostentationis,

279 5403 341 5472 ted
358 5403 507 5474 exercitii
531 5405 636 5502 grstia
660 5403 739 5474 bueo
761 5427 788 5469 a.
804 5424 857 5468 me
881 5413 1028 5469 tentata„
1042 5401 1088 5468 Ut
1113 5397 1404 5468 autemomnibus
1426 5397 1645 5470 dubitationis
1672 5401 1775 5472 biviis
1799 5425 1865 5470 re·-
