4360 6276
464 599 544 698 ’,ιη’
846 631 849 640 ’
938 623 1129 682 ‘merctur
1146 612 1229 678 xrs.
1248 623 1406 680 escort.
1841 627 1909 682 seso

392 727 424 781 ln
441 737 537 798 geom
556 719 676 794 tetigisse
694 717 828 788 mittete,
848 719 908 776 illst
933 741 950 777 e
972 721 1082 776 nemine
1099 719 1163 776 ltec·
1211 737 1273 776 rum
1291 739 1398 784 mense,
1409 739 1463 792 qno
1475 721 1643 794 extinguitur
1659 719 1838 786 messmam.
1850 725 1981 794 insene-
2067 790 2073 798 Ι

394 823 471 868 teum
496 809 634 882 impetitus
659 825 733 871 esse,
759 825 820 862 sees
843 819 871 862 et
891 806 1160 878 cmsstpericulnm,
1212 806 1286 860 elteri
1299 808 1548 874 concedet,etjors
1567 825 1614 860 sse
1630 808 1783 872 utetur,cti
1802 811 1986 865 ratiocinatur

394 897 468 967 qnod
487 897 516 950 in
531 896 614 950 certis
632 893 808 946 metuendum
827 903 962 958 esserunt,
974 903 998 946 et
1016 891 1051 944 de
1068 889 1163 944 incerti
1212 891 1284 944 Gsil.
1302 891 1382 960 alleg.
1401 892 1452 944 loe.
1471 889 1548 961 Quod
1576 891 1663 962 ipsese
1682 903 1756 946 teuto
1775 893 1857 960 aegis
1882 911 1979 965 proeef
2018 905 2057 948 ee
2154 947 2157 950 .

377 979 468 1034 'tertii
495 977 670 1041 bsereditete,
696 977 722 1029 si
742 995 793 1047 qne
816 978 959 1030 obreeture
981 985 1038 1038 est,
1063 974 1163 1046 pscisei
1213 972 1279 1026 dere
1304 983 1442 1043 putemus,
1459 993 1512 1044 quo
1537 975 1608 1028 nulle
1632 974 1775 1045 dispositio
1794 978 1932 1047 reperiisse
1947 980 1981 1032 ie

395 1061 478 1116 licere
502 1073 591 1136 petest
612 1061 690 1115 cxl.
719 1072 742 1115 ι.
768 1067 792 1124 ς.
817 1074 842 1115 ι.
857 1057 901 1130 ff.
918 1077 968 1124 pro
991 1058 1079 1114 rocio.
1107 1059 1161 1110 Do.
1213 1057 1387 1120 αιιιιιιιίιιιιιι
1409 1058 1537 1112 Cessssue
1555 1059 1629 1111 ecies
1649 1056 1715 1126 legis
1733 1058 1986 1128 prohibitionem

396 1145 497 1200 Drunn
517 1163 577 1217 sup.
599 1166 622 1202 e.
641 1145 661 1198 b
678 1145 719 1198 En
738 1145 788 1198 boc
812 1145 901 1216 cupite
916 1147 998 1198 etism
1024 1138 1162 1196 tonstuott
1212 1151 1287 1194 ectus
1316 1141 1481 1198 insslislitete
1511 1142 1695 1214 praesumptio
1718 1161 1822 1212 qunque
1847 1147 1982 1212 cesrsbit3

397 1229 576 1300 frequentetis
592 1251 608 1284 s
624 1229 696 1304 §ede
715 1231 832 1284 Romane
850 1230 960 1282 Grotius
977 1238 1006 1282 et
1022 1227 1163 1298 Exspecto·
1215 1225 1350 1295 Quicquid
1369 1227 1443 1281 enim
1461 1226 1495 1280 de
1513 1227 1639 1297 improbe
1664 1227 1917 1284 uoertedeetoeete
1936 1232 1986 1292 im·

398 1315 466 1370 tisee
492 1317 618 1386 pallient,
637 1325 664 1370 et
688 1315 811 1384 quemvis
835 1325 910 1386 turpe
933 1311 999 1364 elius
1023 1319 1051 1364 et
1076 1308 1162 1364 dirici
1214 1326 1273 1362 ruse
1291 1321 1427 1382 opponent
1444 1311 1496 1364 Dd.
1515 1311 1544 1364 id
1561 1329 1595 1364 rr
1620 1313 1729 1382 peritisi
1748 1315 1817 1380 ienis
1835 1313 1984 1372 subtilitste

392 1399 502 1470 plenum
521 1399 752 1454 enimsdsersionr
774 1397 873 1467 judieii
898 1407 1008 1468 potent.
1028 1395 1051 1448 si
1077 1395 1163 1451 locutu
1214 1393 1395 1448 introductum
1414 1397 1496 1466 plsee
1513 1395 1567 1450 elio
1586 1395 1907 1465 pertirset‚neeiessddes
1918 1419 1984 1454 oon-

393 1485 425 1538 iu
444 1483 566 1537 Ecclesia
589 1484 639 1536 Dei
665 1483 773 1538 luturse
798 1481 973 1538 successionis
999 1479 1163 1550 exspectetis)
1215 1477 1373 1530 suetudines
1397 1473 1528 1531 infirmet.
1554 1478 1594 1530 lbi
1615 1477 1690 1530 enim
1715 1497 1776 1532 eom
1796 1480 1829 1533 de
1848 1499 1877 1534 re
1895 1483 1933 1536 ed
1952 1501 1983 1539 ee
2017 1494 2047 1537 st

396 1567 506 1632 bebest,
525 1567 596 1638 quod
623 1567 691 1639 ipsis
716 1584 823 1639 quoque
846 1566 991 1636 gentilibus
1014 1564 1165 1618 damnabile
1214 1561 1329 1614 minime
1348 1571 1500 1631 spectsute,
1518 1563 1592 1630 cuins
1610 1562 1790 1632 requirendus
1808 1582 1870 1634 spes
1888 1565 1983 1639 diepo-

396 1651 482 1705 iolsse
506 1653 599 1719 siunt,
617 1671 640 1708 e·
662 1663 686 1704 ι.
704 1653 740 1706 Χ.
758 1653 793 1706 de
817 1653 944 1706 Concess.
960 1649 1114 1718 praebend.
1132 1649 1163 1704 Si
1213 1645 1311 1699 sitione
1329 1645 1457 1710 Domini,
1475 1655 1522 1699 eut
1544 1655 1631 1699 morte
1650 1646 1788 1718 ipsorum,
1807 1649 1854 1718 qui
1872 1661 1982 1720 peet-

394 1746 483 1788 tsmen
500 1735 630 1806 qenemlis
648 1747 675 1790 et
694 1737 799 1790 incerte
817 1736 856 1790 eit
874 1733 1010 1788 concessio
1027 1750 1107 1806 super
1126 1736 1163 1786 lo·
1213 1730 1320 1795 ineunt,
1339 1729 1479 1784 interverti
1507 1739 1608 1800 posset,
1625 1740 1652 1782 et
1673 1728 1784 1798 quidem
1801 1731 1981 1800 clendestinr,

388 1837 428 1884 ¹cc
446 1837 492 1874 seu
510 1819 660 1892 prsebende
677 1821 706 1874 io
731 1821 782 1873 bec
799 1822 840 1874 sel
859 1819 905 1872 ills
923 1818 1055 1882 Ecclesis‚
1075 1835 1164 1888 quem·
1214 1812 1270 1866 tite
1288 1813 1430 1882 ignornme
1445 1831 1492 1876 «ιι
1512 1813 1545 1866 de
1562 1814 1637 1878 cuius
1654 1811 1733 1866 bonis
1750 1814 1981 1882 epitur‚iuterse

394 1905 513 1976 primum
532 1915 670 1970 reustum,
683 1906 755 1958 nibil
766 1905 827 1958 sitii
840 1916 884 1960 sttt
893 1903 1044 1974 iniquitatis
1055 1902 1164 1957 subesse
1214 1899 1390 1972 paciscentur,
1406 1917 1459 1954 nou
1472 1899 1607 1952 immerito
1617 1898 1863 1969 pressusnptionen
1876 1900 1910 1954 de
1922 1903 1981 1956 ιιί-

398 1989 471 2042 ιιΙιιο
488 1987 651 2044 confitentur
671 1991 777 2044 Selicet.
796 1989 825 2042 in
845 1991 863 2044 l.
871 1988 931 2061 fin.
944 1991 976 2046 G.
988 1988 1021 2040 de
1039 1991 1121 2044 Post.
1136 2006 1164 2042 ιι.
1214 1985 1251 2038 uti
1269 1984 1430 2054 consiliique
1448 1983 1614 2053 mellgnitste
1630 1985 1687 2052 jors
1706 1981 1810 2046 forestu
1827 1985 1901 2055 quod
1918 1987 1978 2040 ιω.

401 2081 443 2126 ιι.
463 2071 630 2138 Excnssqtur
649 2073 698 2126 boc
717 2074 951 2146 modoprimsriee
969 2072 1089 2126 Csessris
1108 2089 1166 2142 pre·
1213 2087 1247 2138 ge
1268 2083 1343 2121 secus
1363 2079 1401 2122 est
1431 2069 1460 2120 in
1490 2067 1659 2123 concessione
1689 2067 1900 2138 exspectetiese:
1927 2073 1978 2126 rste
2018 2088 2048 2128 ss

397 2173 456 2223 ces,
476 2176 588 2228 querum
607 2158 697 2230 rigore
715 2157 855 2212 Csemrese
881 2155 1017 2227 blsjeststi
1035 2157 1077 2224 ius
1095 2155 1165 2210 desi·
1214 2153 1288 2207 enim
1307 2151 1363 2223 (t.)
1379 2153 1467 2206 noller
1486 2169 1529 2206 res
1554 2151 1669 2214 eliense.
1689 2149 1735 2204 sed
1761 2151 1850 2220 ipsius
1870 2153 1983 2208 Domini

399 2241 514 2312 gnsndi,
534 2241 695 2296 nominendi
711 2243 753 2296 sel
771 2240 957 2312 pressentsndi
979 2257 1121 2312 personum
1140 2241 1164 2292 i·
1215 2237 1339 2306 propriis
1356 2236 1439 2306 quosd
1451 2236 1586 2290 directum
1598 2235 1767 2300 dominium,
1782 2235 1812 2288 iu
1828 2241 1982 2293 cruentis>

397 2326 528 2392 donesm,
541 2345 572 2382 sc
591 2323 752 2386 beneficium
770 2327 876 2396 sliquod
897 2327 983 2397 primo
1001 2335 1163 2390 serstorum,
1216 2337 1276 2374 nrm
1295 2321 1405 2373 veniunt
1422 2319 1476 2390 (ι.)
1496 2321 1584 2374 Semel
1609 2321 1740 2390 eoquisite
1765 2337 1828 2390 spes
1846 2325 1982 2376 centurie

398 2410 543 2481 competit,
561 2421 588 2464 et
605 2413 634 2464 in
653 2429 750 2482 genere
769 2411 960 2484 promissiones
977 2429 1086 2476 omnes,
1099 2429 1165 2482 quse
1215 2404 1391 2478 dispositione
1412 2423 1465 2458 ⁰0¹1
1485 2406 1682 2467 inletrfflilws
1697 2405 1736 2458 tei
1755 2426 1770 2457 Ι
1787 2416 1862 2474 Ριῐῑθ
1881 2405 1979 2460 θωύ-

398 2491 431 2549 sd
451 2503 554 2547 eertum
572 2495 680 2566 quidem
701 2499 846 2568 oorpnssel
865 2498 1019 2552 societetem
1032 2497 1163 2564 directae,
1214 2491 1259 2556 ni,
1277 2491 1323 2562 qui
1344 2491 1430 2562 pectis
1447 2491 1586 2544 mussulis
1604 2489 1761 2560 regsdsriter
1777 2488 1869 2554 stsbit,
1888 2499 1933 2542 ent
1952 2492 1978 2544 si

396 2580 484 2630 locum
504 2587 593 2634 temen
617 2579 705 2634 edbuc
726 2581 857 2634 incertum
879 2582 1037 2647 continent,
1061 2591 1090 2635 et
1116 2581 1164 2639 boo
1215 2578 1500 2643 morietur‚lsueredes
1513 2578 1645 2648 relinquit
1659 2577 1800 2646 ohttquoss
1815 2578 1854 2630 tel
1871 2591 1976 2648 aperte

395 2657 567 2716 iundsmentc
594 2663 843 2735 interpretationem
867 2665 991 2737 capiunt,
1010 2665 1080 2736 quod
1099 2666 1162 2736 quis
1213 2663 1335 2726 rssselli,
1354 2663 1399 2734 qni
1419 2665 1489 2716 nulls
1508 2665 1548 2716 rel
1567 2662 1747 2734 dispositione
1762 2663 1801 2715 sel
1820 2663 1914 2717 ultime
1931 2681 1976 2716 eo·

396 2741 567 2800 difficultatis
584 2767 680 2818 peroso
699 2749 791 2814 babet,
810 2766 859 2803 nec
883 2750 1160 2804 dilucidationeulte-
1215 2746 1317 2798 lontete
1342 2748 1412 2800 eires
1436 2765 1479 2802 res
1510 2747 1621 2800 Domini
1653 2757 1780 2802 serenor-
1808 2748 1897 2816 Neque
1920 2749 1976 2819 (ι.)
2016 2759 2046 2802 ιι

396 2829 464 2883 riori
484 2829 625 2900 indigebit.
643 2832 696 2887 tid.
716 2833 789 2886 Gsil.
808 2835 854 2888 tit.
875 2845 899 2886 ι.
917 2835 976 2890 obs.
998 2848 1057 2888 ιιι.
1075 2854 1104 2888 ιι.
1125 2848 1148 2886 ι.
1213 2829 1377 2885 cletsdcstina
1397 2841 1559 2886 roncorrunt
1581 2831 1709 2894 consilis,
1728 2832 1864 2903 siqnidem
1888 2843 1978 2902 sperte

433 2911 561 2967 resistes
580 2923 654 2970 tento
672 2911 779 2970 firmius
792 2916 866 2970 omni
882 2929 1000 2990 tempore
1013 2919 1164 2974 substitisse
1211 2917 1303 2970 otonis
1321 2927 1464 2985 geruntur,
1482 2927 1510 2970 et
1523 2917 1675 2970 inscientis
1690 2926 1737 2970 sut
1755 2917 1908 2986 ignorantis
1922 2935 1977 2974 sss·

394 2995 466 3051 sisse
485 3005 563 3063 sunt,
583 3009 680 3068 quanto
699 2991 784 3069 meins
810 3001 958 3057 institutis
977 3015 1163 3058 etconsuetu-
1213 3001 1272 3055 sslli
1286 3003 1388 3056 nullom
1407 3002 1491 3072 quoed
1510 3011 1584 3056 nctus
1603 3001 1799 3054 iorelislitstem
1821 3011 1866 3054 sot
1883 3001 1978 3056 relidi-

394 3079 459 3135 dine
479 3081 678 3138 fondamentum
699 3085 809 3150 hebent,
830 3095 857 3140 et
884 3098 993 3142 usturec
1019 3090 1163 3144 diclsmini
1212 3093 1293 3138 utem
1312 3085 1430 3154 positum
1449 3096 1628 3147 momentum
1647 3103 1681 3138 ΕΘ
1699 3084 1789 3138 (ΠΜ
1808 3079 1892 3138 ΜΕΝ
1907 3085 1978 3138 3⁰²²?

394 3176 556 3238 congruunt,
575 3177 602 3222 rt
621 3168 709 3224 cisilis
730 3171 798 3240 juris
817 3171 921 3241 plscitis
944 3191 999 3226 non
1021 3174 1163 3230 sdrerssn·
1213 3168 1358 3226 Dominum
1384 3179 1412 3224 et
1436 3169 1576 3225 tessellum
1600 3179 1718 3224 mutuatu
1742 3169 1847 3222 ebolere
1871 3170 1977 3239 quossis

386 3242 448 3306 'loe
462 3251 535 3305 ilinc
550 3251 684 3307 Dominus
702 3251 810 3308 feudum
829 3254 881 3308 sibi
901 3257 1017 3308 nondum
1039 3269 1162 3328 opertum
1212 3255 1358 3308 malitioses
1374 3254 1590 3324 consequentia,
1607 3270 1657 3306 nec
1675 3253 1793 3308 secundo
1810 3251 1977 3308 infeudetum

395 3337 424 3390 in
445 3335 602 3390 reducitstis
620 3349 743 3392 esentom
767 3341 844 3392 elteri
872 3349 945 3394 recto
967 3343 1106 3408 concedit,
1125 3349 1163 3400 So
1213 3355 1244 3394 so
1262 3339 1437 3394 sbsurditntis
1455 3342 1655 3410 prolepeurum,
1669 3349 1698 3393 ut
1717 3355 1765 3410 spe
1783 3339 1868 3394 eitius
1886 3358 1979 3410 peree-

396 3419 473 3474 einer
489 3423 539 3475 der
559 3420 638 3475 terete
663 3422 752 3476 reines
778 3425 920 3477 Nebmens
945 3425 1004 3480 und
1028 3431 1164 3482 Stemma
1212 3422 1284 3494 pluri
1298 3423 1432 3477 commodi
1447 3425 1551 3494 integre
1564 3423 1701 3478 commode
1719 3422 1827 3494 perdet,
1847 3433 1875 3476 et
1891 3425 1926 3478 ob
1939 3423 1979 3478 ir·

388 3503 444 3568 .r'st,
464 3507 518 3560 lan
538 3505 606 3558 oder
622 3523 687 3574 mor
703 3507 799 3560 dessen
819 3509 895 3562 belm
923 3527 975 3576 von
994 3510 1056 3564 dem
1074 3515 1164 3566 Lein-
1212 3508 1313 3564 lonium
1333 3511 1364 3560 in
1380 3509 1551 3578 commissum
1573 3509 1666 3562 cedere
1687 3508 1823 3578 potieturs
1843 3518 1871 3561 et
1887 3525 1978 3578 qure-

394 3585 477 3638 herro
497 3587 669 3656 empcione
683 3588 741 3640 und
752 3587 840 3643 ciuem
855 3591 959 3645 andern
979 3592 1024 3646 die
1043 3596 1163 3648 ,insuer-
1213 3590 1254 3644 sis
1273 3591 1358 3646 adbuc
1377 3592 1480 3646 eliense
1497 3594 1593 3648 mortis
1616 3591 1779 3646 desiderium
1798 3593 1897 3646 insulsi
1917 3611 1978 3646 usn·
2015 3603 2045 3647 et

394 3675 465 3740 'teng
480 3681 651 3740 vergoennet
668 3671 784 3726 werden.
802 3671 873 3726 Guil.
892 3677 955 3729 diet.
975 3677 1034 3730 obs.
1056 3689 1114 3732 155.
1133 3698 1162 3732 ιι.
1214 3675 1339 3742 tendent,
1359 3677 1387 3728 id
1408 3687 1494 3731 temen
1513 3695 1566 3732 non
1584 3695 1632 3748 per
1657 3696 1685 3731 ee
1719 3676 1766 3732 sed
1783 3693 1831 3748 per
1855 3676 1978 3730 recidens

396 3763 421 3806 ι.
439 3751 526 3808 Cerdo
544 3754 639 3810 essenti
658 3756 686 3808 in
706 3759 905 3814 consuetudine
919 3771 944 3814 et
956 3778 1081 3832 expresse
1094 3764 1163 3832 juris
1212 3760 1474 3832 oontingitsquue
1487 3759 1981 3834 neeintegrsefideimsssllumstritt·

392 3837 510 3912 ,feudatis
527 3837 706 3912 dispositione
725 3844 847 3906 restitum
861 3844 953 3920 Clesus
972 3846 1045 3900 enim
1062 3847 1163 3904 Textus
1211 3855 1269 3914 get,
1290 3863 1338 3898 neo
1356 3863 1413 3898 rem
1432 3847 1520 3918 ipsese
1541 3848 1569 3902 in
1590 3865 1618 3901 se
1637 3847 1833 3902 considentem
1853 3847 1978 3900 ittieitsn

398 3935 422 3976 ι.
442 3925 529 3979 Feud.
548 3937 573 3978 ι.
595 3935 619 3978 2.
638 3925 672 3978 F.
688 3938 730 3980 te.
745 3934 766 3989 ς.
786 3927 922 3984 Moribus.
940 3940 964 3982 t.
983 3933 1018 3984 F.
1038 3945 1081 3986 ιι.
1094 3951 1161 3988 oete.
1212 3930 1301 3984 locist.
1320 3930 1371 3986 sid.
1385 3933 1438 3984 Do.
1458 3933 1547 3988 Strur·
1565 3936 1644 4004 Synt.
1665 3932 1730 3986 Jur.
1748 3933 1829 3987 Feod
1855 3951 1878 3986 e.
1899 3943 1924 3986 ι.
1936 3933 1976 3984 tle.

397 4007 446 4064 ubi
461 4027 528 4064 vero
564 4021 588 4064 et
612 4011 696 4064 ccnlis
723 4013 863 4065 incturens
885 4013 1040 4084 quotidisne
1066 4017 1161 4071 Proxie
1214 4029 1238 4069 5.
1254 4035 1283 4078 ιι.
1304 4026 1327 4070 t.
1348 4019 1452 4070 liertm.
1472 4015 1577 4071 risset.
1599 4028 1623 4071 ι.
1649 4027 1753 4088 punert.
1778 4029 1821 4071 ee.
1836 4033 1890 4087 per
1907 4019 1980 4070 inte·

394 4093 545 4148 robustiore
564 4105 642 4158 sunt,
662 4113 743 4166 quum
761 4106 789 4150 ιιι
808 4097 893 4150 ιιιιιιιιι
912 4097 1099 4156 subsistentiee
1119 4119 1161 4156 re·
1210 4116 1299 4169 grum·
1313 4101 1377 4154 Veii
1392 4099 1501 4170 Ludwig
1513 4117 1562 4154 rou
1582 4097 1759 4154 Seeientortt
1773 4099 1812 4153 im
1830 4101 1979 4154 ferietis-'tt

392 4175 519 4250 linquent
543 4177 662 4234 dubium.
688 4179 739 4234 Cui
764 4180 866 4234 secedit
893 4201 953 4236 cum
979 4195 1073 4240 neturtt
1099 4203 1162 4241 oon·
1212 4181 1404 4236 Fdnlemiflssl
1425 4193 1497 4251 itari·
1520 4196 1544 4236 i·
1568 4201 1591 4236 θ·
1623 4195 1648 4236 ⁸·
1670 4199 1736 4254 pag·
1764 4182 1830 4236 mid·
1850 4192 1911 4234 ⁷⁴⁰·
1932 4183 1978 4237 Sit

393 4267 528 4336 pruentia,
547 4283 613 4336 quse
631 4277 685 4320 tum
704 4283 739 4320 ex
758 4267 941 4336 superioribus
961 4271 1087 4340 petenda,
1102 4281 1158 4328 tum
1211 4263 1293 4332 igilur
1311 4265 1469 4334 generaliter
1485 4267 1569 4320 ericls
1588 4267 1837 4338 Exspeclnnlisrum
1857 4269 1975 4336 iustitie,
2013 4279 2044 4321 ei

394 4347 591 4404 dilucidiora
610 4365 641 4403 eo
658 4350 717 4418 jure
735 4362 853 4422 apparet,
872 4370 924 4422 quo
941 4354 1048 4424 plenem
1069 4355 1161 4430 dispo.
1210 4345 1358 4420 descriptio
1373 4348 1497 4403 brevibus
1511 4349 1679 4422 subjiciendo
1697 4351 1773 4414 telis:
1789 4353 1866 4422 Quod
1879 4351 1980 4422 Exspe-

392 4433 475 4486 nendi
495 4433 647 4490 fucultatem
670 4436 742 4490 circe
761 4453 803 4488 ree
827 4450 932 4492 nostres
959 4439 1102 4509 babemus,
1123 4443 1159 4498 iis
1211 4433 1308 4498 “milit
1327 4434 1364 4486 ⁵5¹
1381 4434 1820 4503 mndili‘fflffiliu'imffl‘dfflffi
1834 4436 1979 4489 immiti·

392 4538 442 4594 pro
460 4518 573 4574 arbitrio
598 4519 728 4584 sortimur,
746 4529 774 4574 et
790 4523 898 4592 quossis
928 4524 996 4580 elios
1013 4527 1053 4578 sel
1070 4544 1159 4592 eruere
1208 4517 1359 4576 Concessio
1388 4519 1521 4590 duplicem
1549 4520 1663 4574 insolvit
1688 4533 1861 4592 personarum
1886 4535 1977 4590 respe-

392 4607 432 4658 sel
452 4605 599 4659 immittere
610 4605 640 4658 in
653 4622 696 4659 ese
714 4623 855 4676 possumus
867 4605 988 4661 runem.
1000 4611 1089 4666 Elem.
1105 4613 1159 4670 Ju-
1208 4615 1296 4668 etum,
1310 4615 1334 4658 el
1347 4621 1408 4668 eos,
1419 4605 1467 4675 qui
1485 4603 1642 4672 meierum,
1657 4617 1682 4662 et
1693 4623 1753 4672 eos,
1765 4607 1812 4677 qui
1825 4606 1974 4676 recipiunt:

397 4679 479 4754 rispr.
498 4689 572 4742 unio.
590 4690 608 4740 l.
631 4699 653 4742 t.
673 4687 729 4752 defi
749 4703 773 4742 ι.
793 4697 815 4753 ς.
836 4699 861 4744 ι.
881 4703 905 4744 ι.
922 4699 949 4744 et
972 4702 998 4745 ι.
1017 4691 1098 4763 Cujus
1116 4683 1159 4750 ee-
1210 4691 1328 4746 etenim
1347 4691 1408 4774 qujs
1426 4691 1569 4745 concedere
1594 4691 1695 4764 possit.
1712 4702 1741 4746 ut
1757 4694 1839 4744 etism
1858 4691 1974 4762 scripis-

395 4773 474 4840 st'seis
493 4788 526 4825 ex
546 4775 606 4842 ipso
624 4792 728 4844 quoque
745 4777 812 4830 Jure
829 4774 885 4830 Cis.
904 4777 989 4847 legere
1008 4778 1157 4844 ttoet‚teu.
1208 4785 1253 4830 tur
1270 4793 1407 4846 necessum
1433 4785 1482 4832 est.
1507 4776 1592 4830 Ceuse
1610 4795 1672 4833 reso
1696 4777 1837 4848 impulsiss
1860 4787 1972 4848 specte
2008 4785 2040 4831 ιι

392 4857 456 4910 dum
475 4857 548 4908 enim
568 4858 733 4912 ususfructus
751 4870 873 4914 netursm
885 4860 1038 4932 bebet,qui
1052 4873 1157 4918 mortuo
1206 4863 1375 4916 concedentis
1394 4869 1437 4916 est
1450 4861 1615 4929 Clementis,
1629 4862 1730 4928 Feror,
1743 4862 1905 4926 toettento,
1918 4863 1972 4914 Pn-

392 4937 590 4994 nsulrnetnsrio
609 4939 641 4992 sd
659 4941 829 5012 proprietatis
841 4943 981 4997 dominnm
1000 4943 1156 5013 revertitur,
1206 4946 1306 5004 blicum
1325 4947 1507 5011 intereresse
1526 4957 1602 5018 perte
1619 4947 1777 5019 recipientis
1802 4947 1872 5002 bene
1887 4949 1970 5003 meri-

391 5041 426 5082 ex
443 5041 495 5096 quo
515 5024 648 5078 Dominus
665 5027 772 5096 plenem
790 5027 819 5079 in
839 5027 987 5099 reincipit
1002 5027 1099 5082 bebere
1111 5047 1158 5100 po·
1206 5043 1246 5095 ts,
1266 5031 1420 5103 importune
1440 5029 1603 5090 Sollie‘itstio¹
1619 5041 1648 5086 et
1664 5032 1782 5096 similior
1801 5033 1972 5088 Dincexelu·

393 5120 520 5164 teststem
538 5115 560 5172 §.
581 5111 688 5164 t.1nst.
706 5111 740 5166 de
765 5105 860 5182 Urusi.
881 5112 952 5168 Gsil.
971 5115 1075 5184 d'ois.
1096 5129 1156 5180 ιιι.
1208 5115 1292 5170 ditur
1312 5114 1426 5191 Fdectio,
1460 5113 1590 5185 Legitlms
1618 5117 1746 5180 vocetis),
1774 5117 1970 5183 l’rseerntstio‚

323 5205 355 5246 ‘ts
392 5213 421 5249 ιι.
435 5199 459 5260 4.
475 5193 551 5250 Sicut
568 5191 599 5246 E.
619 5194 811 5268 proprietarius
829 5198 1157 5262 resereumsdsensom·
1207 5217 1324 5270 quaere
1342 5197 1435 5254 moltis
1452 5214 1534 5252 unum
1551 5197 1752 5270 dignioremque
1768 5202 1804 5254 ed
1821 5219 1930 5254 monere
1944 5213 1972 5254 et

392 5277 505 5336 trucem
529 5281 609 5337 elteri
632 5279 826 5348 reete'donst,
852 5282 892 5338 sic
915 5279 997 5338 linito
1019 5284 1159 5344 mufructo
1208 5279 1339 5338 beneficis
1358 5292 1566 5356 pmmosese,et
1585 5283 1693 5338 initium
1709 5304 1725 5339 e
1744 5295 1816 5356 perte
1832 5285 1972 5339 meleren-

390 5377 478 5422 morte
494 5367 586 5422 ultimi
598 5367 711 5434 emendi,
724 5366 832 5444 feudum
846 5379 976 5438 tanusm
991 5379 1113 5438 spertom
1125 5371 1159 5424 sd
1209 5368 1246 5422 tis
1263 5379 1356 5438 cepere
1378 5366 1475 5420 solent.
1495 5367 1548 5419 liic
1573 5383 1634 5422 sero
1651 5367 1686 5423 ele
1709 5367 1900 5440 recipientibus
1919 5369 1975 5422 tele'

390 5453 538 5508 Dominum
564 5454 726 5512 immediate·
741 5455 898 5522 resolsiturs
918 5457 1088 5526 Qnspropter
1104 5447 1162 5514 ess?
1207 5451 1333 5517 orditur,
1352 5467 1401 5506 nec
1426 5451 1522 5519 diqocs
1546 5451 1625 5505 toties
1650 5449 1720 5518 lere,
1739 5469 1816 5522 quem
1842 5451 1970 5522 indignus

387 5537 453 5592 ssllo
463 5556 516 5592 non
528 5541 709 5611 praejudicet,
728 5541 752 5596 si
772 5551 905 5613 temqoens
923 5539 1113 5612 proprietsrius
1126 5546 1159 5600 in
1208 5551 1269 5598 soto
1292 5538 1402 5612 potitur.
1422 5535 1582 5592 Differentie
1606 5537 1696 5596 serbis
1713 5539 1828 5595 residuis
1846 5539 1967 5594 insinne—
2005 5553 2037 5595 es
