4456 6332
261 628 295 685 G.
308 528 428 683 14811444.
441 629 469 680 44
479 618 585 678 saletis.
602 619 655 692 jam
674 615 827 670 dicendam.
836 615 941 668 Frustra
954 610 1030 667 44144

260 713 381 784 operatio
403 709 599 771 absolveretur,
622 701 678 758 nisi
702 700 825 756 effectam
843 699 1030 767 adjungerem,

714 519 763 578 nt
781 513 939 574 ΜΕΝ
958 513 1117 574 1)Εο111111
1136 512 1409 574 tttrtnttttsrtct.

1727 525 1743 576 8
1769 526 1778 554 1

1081 632 1159 686 quam
1173 615 1329 688 patrimonii
1348 617 1418 674 airas
1436 617 1583 692 patiuntur:
1605 619 1628 676 si
1648 545 1849 692 114444141414
1888 640 1901 682 4

1081 701 1213 756 creverint
1230 700 1354 755 icrtnnac
1373 699 1485 772 impeta,
1505 705 1522 759 1.
1544 715 1586 760 44.
1596 706 1638 777 Ι.
1653 708 1850 778 deprendit.

262 796 309 852 1414
332 793 408 849 enim
428 793 458 846 iu
475 790 602 846 omnibus
626 785 814 860 principaliter
837 781 986 836 attenditur
1004 789 1031 832 et
1073 784 1115 856 Ι.
1133 785 1209 840 444144
1226 802 1301 856 poss.
1319 785 1400 858 legat.
1419 787 1437 840 1.
1458 800 1500 841 44.
1519 797 1540 854 ς.
1564 802 1586 846 t.
1596 791 1639 862 ff.
1657 794 1691 848 444
1710 799 1747 850 A,
1760 798 1793 852 44,
1812 799 1851 854 1),

209 888 224 932 4
261 879 450 936 444411444444.
467 879 486 932 1.
510 887 569 930 444.
590 875 623 930 414
648 877 680 928 V.
703 871 735 924 0.
755 869 1031 936 Dumautemcap.1.

262 964 406 1019 Decretum
430 958 574 1016 delinitum
598 975 646 1030 per
671 955 833 1010 sententiam
858 954 1031 1007 interlocuto-

261 1048 342 1114 riam,
362 1059 390 1102 et
408 1046 545 1102 sententie
557 1045 600 1114 jus
611 1041 695 1096 iaciat
713 1040 783 1094 inter
801 1049 902 1111 partes,
914 1037 932 1088 1.
946 1047 988 1088 44.
990 1029 1032 1104 Ι

263 1134 298 1189 414
316 1142 381 1187 4444.
400 1132 475 1186 dom.
492 1131 511 1183 1.
534 1142 558 1183 4.
567 1126 611 1197 Ι
623 1128 656 1180 14
669 1139 782 1196 agatore.
801 1121 848 1176 111.
861 1140 883 1176 4.
901 1131 940 1172 44.
953 1129 980 1172 44
994 1129 1033 1170 44.

261 1219 298 1272 Χ.
318 1219 351 1274 414
367 1226 437 1272 rent.
456 1225 484 1269 et
500 1212 630 1284 44144114.
649 1211 791 1264 Decretum
809 1224 895 1278 quoqg
914 1203 1034 1276 partibus

261 1305 308 1374 jus
327 1303 435 1356 tribuet.
453 1299 488 1354 Et
506 1315 587 1370 aeque
606 1313 640 1350 ex
659 1295 716 1360 hoc,
727 1310 757 1346 ac
770 1307 803 1346 ex
815 1288 1037 1354 seutentia,orie-

263 1395 307 1440 tur
324 1385 397 1438 actio
416 1393 444 1437 et
463 1381 597 1452 exceptio,
617 1379 636 1434 1.
657 1387 681 1429 4.
697 1393 741 1446 pr.
760 1384 788 1430 44
805 1381 818 1439 §
845 1385 867 1426 t.
880 1372 898 1425 l.
913 1386 937 1427 4.
948 1367 972 1444 5
975 1370 1035 1442 fin.

212 1481 225 1526 4
254 1467 296 1541 Ι.
317 1471 350 1524 414
368 1463 472 1540 re'jarl.
492 1469 580 1522 Partes
598 1464 672 1522 enim
691 1461 809 1532 judicem
828 1459 927 1514 adiisse
945 1459 1035 1514 riden-

269 1566 312 1610 tur
329 1573 385 1610 non
404 1573 485 1628 saper
504 1553 649 1629 principaii
667 1558 768 1604 tantum
788 1561 876 1610 causa,
892 1544 938 1598 sed
957 1544 1036 1598 etiam

271 1651 372 1714 puncto
392 1641 538 1706 incidenti,
557 1651 581 1694 et
599 1637 663 1690 duan
681 1635 731 1688 boc
749 1631 832 1703 judici
851 1628 1035 1694 committant,

266 1728 464 1798 praesumptive
481 1725 623 1793 litigantes,
634 1715 854 1790 compromisisse
863 1713 996 1778 ridentur,
1009 1729 1038 1765 se

215 1821 231 1870 Ι4
268 1811 435 1883 impleturos,
453 1809 525 1880 quod
543 1807 626 1878 judex
644 1804 791 1860 decreuerit
804 1803 916 1854 durante
928 1800 984 1852 lite.
997 1795 1038 1848 Ex

266 1893 317 1948 boo
333 1896 423 1966 itaque
438 1893 506 1946 iacto
517 1891 690 1962 litigantium,
702 1899 729 1943 et
743 1897 910 1960 praesumpto
929 1899 1040 1938 consen·

267 1995 307 2044 su,
325 1980 412 2033 oritur
432 1978 559 2048 obligatio
572 1976 692 2049 exquasi
712 1982 860 2040 contractu,
878 1972 896 2025 1.
917 1981 940 2024 4.
959 1976 980 2033 §.
998 1979 1038 2022 tt.

260 2063 303 2135 Ι.
318 2065 350 2118 de
365 2065 453 2134 pecul.
471 2065 490 2116 1.
511 2077 535 2118 4.
549 2079 592 2136 pr.
612 2061 641 2113 in
648 2059 708 2131 fin.
720 2060 753 2116 C.
765 2059 798 2112 de
812 2074 879 2112 usar
899 2055 1037 2126 rcig'adic.

268 2168 335 2220 qnae
353 2148 416 2203 dein
440 2149 563 2222 producit
586 2147 715 2200 actionem
740 2144 914 2215 personalem.
934 2141 1038 2196 lioneii.

269 2233 420 2287 111444.
439 2245 463 2288 4.
482 2232 643 2287 11454444.
662 2228 751 2310 441Ι
770 2244 862 2284 exerc.
882 2236 924 2280 44.
942 2228 980 2280 td.
997 2237 1038 2280 tt.

269 2318 299 2372 144
308 2315 367 2389 fin.

307 2403 360 2458 Sed
379 2411 437 2458 tum
451 2403 558 2458 demum
569 2403 613 2472 jus
628 2395 701 2465 iacit,
721 2409 749 2454 et
765 2398 895 2454 actionem
907 2393 1038 2470 producit,

269 2485 293 2539 si
310 2503 326 2538 a
342 2485 432 2557 judice
449 2504 503 2540 noa
522 2486 556 2540 sit
574 2495 740 2549 revocatum,
766 2501 827 2536 nam
852 2480 914 2552 qnia
938 2480 1039 2534 decreta

267 2570 473 2640 aequiparantur
488 2571 636 2624 sententiae
649 2567 872 2631 interlocutoriae,
891 2575 919 2618 et
937 2564 1039 2634 species

268 2653 350 2724 bajus
368 2662 440 2720 suut,
460 2653 521 2708 iden
539 2653 609 2726 quod
629 2653 711 2721 indici
731 2651 892 2722 permissam
912 2649 981 2702 circa
999 2647 1040 2700 14-

269 2738 475 2804 terlocntoriam,
493 2737 524 2790 iu
542 2739 585 2792 bis
606 2737 721 2794 decretis
733 2736 757 2788 ei
773 2752 826 2788 non
845 2733 1040 2802 denegandum.

270 2821 309 2874 Ut
332 2821 421 2892 itaque
445 2821 644 2877 interlocutoria
669 2836 801 2890 uunquam
826 2817 919 2872 transit
936 2817 965 2868 in
983 2833 1039 2869 rem

269 2906 420 2976 judicatam,
439 2908 485 2962 sed
503 2925 611 2979 semper
631 2909 728 2984 mutari
747 2915 848 2978 potest,
869 2914 896 2957 et
915 2905 1038 2970 reuocari,

270 2993 372 3062 qatoties
389 2995 455 3060 justa
480 2991 571 3045 subest
596 3009 686 3054 44444,
706 2991 724 3044 1.
747 2999 786 3041 44.
798 2985 840 3060 Ι.
860 2987 894 3040 414
911 3004 941 3042 44
951 2987 1038 3058 judic.

269 3074 331 3146 qnia
350 3077 435 3146 quoad
447 3077 515 3129 banc
526 3074 607 3145 judex
626 3093 679 3129 non
694 3083 735 3130 est
749 3073 854 3128 iunctus
872 3069 964 3128 cilicio
983 3091 1038 3138 suo,

271 3157 328 3210 Du.
346 3156 448 3211 Brnnn.
470 3159 499 3212 in
515 3176 590 3230 proc.
609 3176 634 3212 4.
652 3169 733 3214 4444.
750 3168 773 3210 4.
787 3159 833 3216 Sic
847 3177 949 3230 quoque
968 3158 1039 3212 aliud

271 3260 326 3297 non
340 3242 510 3297 statuendum
530 3243 563 3297 de
581 3241 703 3310 decretis,
717 3261 782 3316 quae
795 3245 966 3315 interpretes
980 3243 1038 3296 dis·

271 3329 417 3382 sentientes
436 3326 542 3382 interim
565 3326 697 3394 lerontur,
712 3327 783 3384 Bart.
795 3328 833 3382 ad
845 3327 870 3380 d.
882 3327 900 3378 1.
918 3337 957 3379 44.
971 3346 999 3379 a.
1015 3337 1039 3380 4.

271 3413 378 3466 14141144.
395 3412 443 3466 111.
466 3422 488 3463 4.
506 3423 626 3466 44444444.
640 3430 662 3467 4.
679 3425 701 3467 4.
719 3432 746 3466 44.
764 3425 803 3467 44.
823 3414 876 3466 lin.
894 3415 1041 3485 14144144.

274 3497 367 3551 Decir.
387 3507 446 3551 444.
463 3497 546 3552 illudo
558 3499 691 3552 decretum
711 3499 765 3566 jam
783 3517 836 3553 non
855 3499 894 3552 sit
911 3497 1041 3571 approba·

275 3593 332 3636 tum
344 3602 358 3635 a
372 3581 504 3654 partibus,
518 3600 578 3636 nam
596 3583 660 3653 qnia
673 3583 708 3638 ita
721 3585 764 3652 jas
776 3583 925 3653 quaesitum
937 3583 972 3637 ob
983 3597 1044 3636 con·

272 3667 424 3723 serationem
443 3667 557 3740 partium
577 3665 685 3722 decreto
703 3666 897 3722 interimistico
916 3668 1042 3723 accedeu-

276 3761 339 3818 tem,
359 3750 424 3805 illud
443 3751 524 3822 judex
542 3751 646 3806 anierre
662 3769 717 3806 nnn
736 3761 840 3824 potest,
861 3753 932 3808 Gaii
950 3765 971 3805 t.
985 3754 1043 3808 clas.
1075 3767 1078 3776 ¹

278 3846 336 3889 444.
355 3854 383 3888 44.
406 3847 428 3888 t.
447 3835 526 3904 judea
546 3836 619 3890 enim
631 3837 699 3891 selle
712 3837 802 3902 debet,
814 3836 885 3906 quod
900 3848 987 3910 partes
1000 3856 1044 3892 ra·

276 3921 346 3983 luat,
364 3919 383 3970 1.
406 3931 428 3972 4.
447 3927 468 3984 ς.
492 3933 531 3974 44.
537 3918 579 3989 Ι
598 3921 632 3975 414
651 3923 719 3974 Noa.
737 3938 780 3990 op.
800 3911 886 3974 11141444.
905 3917 976 3991 qnod
995 3938 1042 3973 au·

277 4011 332 4054 tent
346 4003 468 4073 partibus
486 4005 568 4058 semel
586 4005 695 4075 placuit,
709 4007 792 4058 altera
805 4003 889 4058 inrita
902 4003 1046 4076 displicere

279 4105 333 4142 nou
353 4097 451 4160 potest,
471 4107 493 4144 c.
512 4089 688 4162 quadremel.
708 4101 752 4142 44.
764 4083 802 4146 'ate
820 4093 854 4145 tt.
875 4091 905 4143 J.
918 4089 1046 4144 14444444.

279 4185 303 4228 et
321 4173 361 4226 sic
378 4189 426 4228 nec
444 4173 523 4244 iudex
542 4191 672 4238 revocare,
687 4173 742 4226 411.
760 4169 819 4246 4..5.
838 4186 877 4228 44.
890 4192 968 4244 quem
982 4175 1048 4228 alias

278 4277 332 4312 non
346 4259 491 4330 stringeret
501 4260 527 4313 41.
540 4277 563 4314 4.
576 4277 636 4314 carm
650 4257 683 4312 ad
697 4253 911 4314 interlocutorias
923 4276 976 4312 non
990 4277 1049 4331 per·

280 4347 365 4398 tineat
390 4343 442 4397 lin.
469 4343 571 4398 Brnnu.
585 4335 669 4402 'aad
687 4361 746 4416 cap-
766 4343 801 4400 144
812 4344 942 4414 praelect-
968 4345 1049 4398 MSS.

280 4431 327 4484 scd
345 4431 410 4484 alias
430 4429 475 4483 nbi
493 4446 623 4485 consensu
640 4425 830 4503 partiuinuou
848 4441 909 4484 sum
926 4429 1050 4483 corrobo-

280 4522 346 4580 rata,
365 4529 471 4584 semper
491 4513 610 4568 reuocari
622 4523 742 4586 possum,
758 4513 818 4570 Seb.
834 4512 933 4565 Medic.
948 4511 1048 4566 414114·

280 4606 339 4649 vat.
354 4616 386 4668 p.
406 4607 430 4648 4.
450 4615 477 4649 44.
498 4606 543 4650 44.
561 4594 612 4660 sol.
632 4607 673 4650 44.
693 4597 804 4670 [legger.
817 4597 847 4652 144
866 4599 944 4652 raes.
957 4599 1051 4652 Pract.

287 4678 352 4736 Voc.
373 4682 528 4738 Decretum.
552 4693 592 4736 tt.

1081 879 1112 942 et
1128 872 1254 926 alimenta
1268 870 1329 924 boio
1340 871 1458 927 varietati
1472 875 1588 946 subjecta
1602 890 1689 932 erunt.
1705 881 1745 934 lix
1757 895 1851 940 natura
1888 897 1901 940 4

1084 955 1158 1010 enim
1177 955 1276 1026 negotii
1296 955 1404 1028 siletur
1419 975 1525 1029 semper
1545 961 1652 1016 subesse
1665 965 1793 1034 conditio,
1812 987 1852 1024 re·

1085 1037 1134 1092 bus
1152 1039 1191 1093 sic
1210 1039 1354 1108 stantibus,
1375 1053 1401 1096 et
1419 1041 1449 1094 in
1470 1045 1563 1099 eodem
1582 1058 1653 1103 statu
1671 1057 1853 1123 permanenti·

1082 1124 1147 1200 'busr
1167 1124 1201 1178 de
1217 1125 1296 1196 bujus
1319 1129 1434 1182 clausula
1458 1129 1482 1180 ri
1510 1140 1538 1185 et
1561 1131 1681 1190 eilicacia
1698 1157 1722 1192 4.
1742 1141 1852 1212 lieyger.

1093 1212 1225 1266 Tdesuar.
1249 1215 1344 1268 Ρ4444.
1368 1232 1430 1270 voc·
1454 1215 1579 1274 4144444414
1602 1219 1631 1274 in
1657 1223 1741 1276 addit.
1760 1243 1787 1280 44.
1810 1237 1852 1282 44.

1086 1295 1179 1369 Carpe.
1194 1316 1221 1370 p.
1242 1310 1265 1352 4.
1284 1318 1308 1356 4.
1328 1313 1370 1373 44.
1390 1303 1430 1358 D.
1449 1313 1492 1356 44.
1510 1323 1539 1358 44.
1559 1318 1584 1360 4.
1602 1305 1663 1362 ideo
1680 1310 1806 1378 qualitate
1824 1322 1852 1366 et

1088 1391 1159 1436 statu
1177 1383 1278 1453 negotii
1297 1393 1408 1451 mutato,
1426 1388 1569 1444 mutandus
1587 1392 1665 1447 441444
1684 1391 1806 1462 effectus,
1826 1407 1855 1452 44

1088 1483 1131 1520 444
1157 1466 1300 1536 judicanda
1323 1470 1467 1524 secundum
1491 1485 1660 1543 praesentem
1683 1479 1724 1533 rei
1748 1491 1853 1539 statura.

1089 1552 1200 1624 Salgado
1224 1552 1254 1610 144
1277 1555 1439 1627 labyrintd.
1464 1559 1537 1613 cred.
1552 1579 1579 1632 p.
1601 1573 1623 1613 t.
1642 1581 1665 1616 c.
1685 1553 1726 1618 44.
1753 1581 1780 1616 44.
1809 1575 1851 1618 44.

1086 1653 1143 1709 seg.
1162 1638 1208 1692 Sic
1226 1639 1254 1692 in
1272 1655 1333 1694 casu
1345 1658 1477 1710 converso,
1492 1641 1516 1699 si
1528 1645 1722 1715 patrimonium
1739 1659 1853 1716 auctum,
1894 1662 1924 1704 to

1089 1731 1226 1791 postquam
1245 1723 1364 1792 provisio
1381 1725 1447 1780 adeo
1466 1728 1553 1782 444414
1572 1729 1685 1800 decreta,
1698 1751 1732 1787 ex
1745 1751 1796 1804 quo
1810 1735 1854 1788 six

1089 1821 1117 1858 se
1134 1814 1282 1860 sustentare
1300 1809 1393 1879 possit,
1412 1810 1458 1880 qui
1476 1811 1612 1880 obtinuit,
1632 1817 1714 1869 etiam
1736 1819 1854 1888 provisio

1089 1889 1238 1960 aliqualiter
1254 1892 1418 1948 considerata
1437 1895 1566 1966 qualitate
1580 1915 1708 1968 personae
1721 1900 1856 1972 aagenda;

1088 1975 1158 2046 qnod
1176 1977 1304 2048 singulari
1324 1978 1461 2036 decisione
1482 1984 1564 2036 lictae
1585 1978 1725 2038 confirmat
1746 1983 1857 2056 Salgada

1089 2060 1116 2114 41.
1135 2059 1155 2112 1.
1172 2079 1199 2112 44.
1220 2073 1262 2115 44.
1280 2075 1352 2132 seqq.
1372 2061 1507 2116 interdum
1523 2081 1593 2128 sero,
1607 2064 1671 2118 licet
1683 2075 1790 2120 auctum
1810 2087 1853 2139 pa·
1896 2079 1924 2120 tt

1089 2143 1245 2199 trimonium
1266 2145 1379 2200 minime
1400 2146 1445 2212 sit,
1465 2145 1488 2198 si
1509 2156 1595 2200 tamen
1609 2163 1736 2220 personae
1749 2151 1858 2206 alendae

1090 2229 1155 2301 quid
1175 2231 1283 2294 accidat,
1295 2231 1366 2303 qnod
1377 2231 1520 2302 aagendam
1533 2233 1711 2304 provisionem
1723 2235 1798 2301 velit,
1812 2237 1861 2290 nti-

1089 2334 1139 2385 que
1158 2315 1291 2368 decretum
1311 2315 1479 2382 mutandum,
1498 2326 1525 2370 et
1543 2317 1642 2387 majora
1653 2317 1780 2374 alimenta
1793 2322 1862 2372 assi-

1091 2399 1208 2470 gnanda:
1228 2401 1250 2452 si
1264 2399 1349 2471 itaque
1366 2400 1470 2454 familia
1487 2412 1581 2457 mauu
1600 2413 1713 2474 propter
1724 2414 1859 2476 susceptos

1092 2485 1253 2550 libenas,aut
1264 2501 1377 2556 persona
1390 2485 1426 2540 ob
1435 2485 1573 2540 adversum
1586 2487 1748 2540 ualetudinis
1761 2497 1859 2541 statum

1092 2570 1245 2624 ministerio
1264 2587 1399 2624 seruorum
1415 2569 1544 2640 indigeat,
1564 2579 1609 2623 aut
1628 2572 1678 2622 alia
1697 2573 1768 2640 juata
1786 2587 1863 2626 causa

1092 2665 1218 2726 emergat,
1237 2656 1367 2727 ampliora
1385 2655 1509 2709 alimenta
1520 2657 1611 2726 ntique
1623 2654 1799 2722 decernenda,
1815 2675 1861 2730 per

1091 2740 1199 2811 Lfire
1217 2741 1235 2792 1.
1254 2741 1302 2810 J'ns
1321 2739 1525 2794 alimentorum.
1547 2752 1571 2792 4.
1581 2738 1623 2809 Ι
1642 2741 1690 2794 att
1703 2761 1766 2812 pap.
1786 2743 1860 2798 441444.

1092 2827 1151 2881 deb.
1177 2826 1288 2896 Salgado
1313 2825 1343 2878 in
1370 2824 1474 2891 lalrr.
1493 2841 1522 2894 p.
1546 2836 1567 2878 t.
1586 2841 1609 2878 4.
1631 2833 1673 2877 44.
1693 2843 1721 2878 44.
1741 2837 1783 2878 44.
1807 2843 1862 2898 req.

1094 2909 1186 2977 bugei.
1203 2924 1279 2963 conr.
1301 2919 1360 2962 444.
1374 2927 1402 2962 44.
1418 2919 1443 2959 4.

1126 2991 1177 3045 Sed
1196 2992 1257 3063 quia
1275 2990 1376 3044 dictum
1405 3009 1484 3064 supra
1510 2991 1640 3045 actionem
1667 2998 1820 3064 competere
1837 3001 1863 3043 et
1902 3001 1931 3045 tt

1092 3077 1274 3148 exceptionem
1288 3092 1320 3129 ex
1334 3076 1440 3129 decreto
1448 3114 1455 3141 ,
1469 3091 1556 3128 nonne
1568 3093 1629 3130 rens
1644 3086 1712 3130 tutus
1724 3075 1774 3130 erit
1787 3091 1863 3130 exce-

1093 3163 1184 3236 ptione
1203 3163 1242 3218 441
1260 3163 1401 3232 judicatae,
1423 3161 1446 3216 41
1464 3161 1552 3216 denuo
1570 3161 1741 3216 cundetnttari
1761 3171 1863 3234 petatur

1093 3248 1125 3301 ad
1150 3251 1279 3320 majorem
1302 3247 1427 3302 alimenti
1456 3248 1633 3319 quantitatem
1660 3244 1867 3319 praestandam?

1094 3332 1199 3388 Certum
1217 3333 1325 3405 quidem
1345 3349 1378 3386 ex
1397 3335 1430 3388 L.
1451 3345 1475 3386 4.
1483 3331 1571 3402 Ι“414
1589 3331 1794 3404 Eac.re1'adic.
1809 3329 1866 3386 silt-

1094 3421 1163 3494 gulis
1183 3417 1371 3474 controuersiis
1391 3415 1500 3488 judicati
1519 3434 1600 3470 unum
1620 3411 1702 3469 linem
1722 3413 1864 3482 sufficere,

1088 3491 1127 3562 'ne
1148 3503 1240 3560 moriae
1259 3505 1349 3559 litium
1376 3501 1586 3575 multiplicetur,
1611 3500 1657 3554 sed
1682 3501 1801 3574 exceptio
1828 3501 1866 3554 rei

1094 3587 1415 3663 judicataeproducatur·
1430 3585 1501 3658 Quia
1517 3595 1604 3660 tamen
1624 3583 1687 3638 baec
1705 3601 1758 3638 uon
1784 3593 1870 3658 potest
1909 3596 1936 3636 44

1094 3673 1210 3748 opponi,
1236 3671 1291 3726 uisi
1310 3670 1347 3725 ob
1366 3669 1487 3724 eamdem
1511 3685 1587 3732 rem,
1607 3683 1640 3720 ex
1659 3667 1749 3721 eadem
1776 3685 1867 3736 cansa,

1096 3757 1205 3812 eaedem
1223 3745 1357 3828 personae
1380 3753 1414 3808 de
1434 3771 1499 3808 noao
1518 3751 1546 3805 in
1565 3751 1664 3821 judicio
1683 3753 1869 3824 experiantur,

1095 3844 1137 3898 ἱ..
1149 3855 1173 3896 4.
1190 3849 1217 3894 44
1236 3850 1260 3893 4.
1277 3839 1296 3894 l.
1320 3849 1359 3892 44.
1378 3848 1405 3893 44
1422 3837 1502 3892 aaut.
1515 3831 1638 3908 seqq-ff.
1659 3835 1692 3891 14
1711 3847 1812 3908 except.
1826 3839 1871 3892 rei

1091 3925 1151 3996 jad.
1173 3925 1257 3980 Strur.
1276 3921 1363 3995 441Ιῖ
1382 3921 1439 3976 aa.
1454 3932 1496 3975 44.
1510 3921 1548 3974 411.
1569 3931 1689 3991 tarega·
1703 3921 1801 3976 Verius
1813 3931 1863 3986 est,
1906 3932 1940 3987 44Ι

1098 4011 1284 4082 exceptionem
1303 4027 1356 4062 uon
1375 4005 1498 4072 obstare,
1517 4005 1580 4078 quia
1602 4003 1648 4058 illa
1669 4005 1719 4058 tria
1737 4006 1871 4077 requisita

1098 4096 1132 4152 ad
1150 4095 1331 4166 exceptionem
1351 4089 1513 4146 laudandam
1532 4087 1597 4143 adeo
1619 4087 1765 4143 neccssaria
1792 4099 1870 4154 snut,

1099 4190 1130 4234 nt
1147 4176 1349 4235 44444414414444
1371 4193 1424 4228 nnn
1443 4169 1584 4228 deficiente
1605 4191 1650 4244 per
1670 4171 1713 4225 4141.
1734 4175 1789 4228 tl:
1808 4173 1870 4228 tots.

1099 4266 1171 4318 Patr.
1189 4259 1364 4316 44414444.
1387 4269 1448 4312 tus.
1464 4277 1492 4312 44.
1510 4271 1550 4313 44.
1569 4268 1599 4312 44
1615 4273 1694 4310 cons.
1710 4268 1768 4309 444.
1783 4274 1810 4309 44.
1828 4264 1870 4308 44.

1099 4348 1157 4402 vol.
1178 4357 1202 4400 4.
1220 4355 1247 4402 44
1264 4359 1340 4399 cons.
1356 4353 1415 4398 444.
1428 4363 1455 4398 44.
1474 4355 1493 4396 4.
1510 4341 1565 4399 voi.
1580 4355 1602 4395 4.
1618 4343 1699 4410 zang.
1718 4341 1750 4394 414
1768 4353 1870 4410 except.

1098 4452 1128 4504 p.
1140 4443 1163 4484 4.
1177 4447 1200 4484 4.
1216 4440 1256 4482 44.
1270 4448 1297 4482 44.
1311 4443 1336 4482 4.
1348 4429 1439 4500 ltaque
1452 4427 1514 4480 dum
1538 4426 1582 4478 bic
1602 4427 1652 4478 alia
1673 4443 1748 4480 caum
1762 4427 1870 4498 petendi
1912 4441 1941 4480 44

1102 4523 1128 4568 44
1147 4511 1338 4566 condemnandi
1358 4510 1462 4576 subest,
1484 4510 1615 4564 nimirum
1637 4518 1805 4580 augmentum
1826 4527 1873 4580 pa-

1103 4599 1236 4662 trimonii,
1255 4596 1325 4668 qnod
1346 4597 1444 4665 majora
1462 4595 1588 4648 alimenta
1601 4593 1729 4664 assignari
1744 4611 1820 4666 posse
1834 4611 1875 4645 ar·

1101 4685 1173 4757 guit;
1193 4681 1315 4754 exceptio
1334 4683 1584 4736 condemnationem
1604 4697 1697 4733 taosam
1717 4697 1769 4734 non
1789 4691 1875 4753 potest

318 4765 405 4836 ltaque
424 4766 567 4822 decretam.
578 4785 632 4822 uon
649 4767 714 4822 adeo
730 4737 840 4840 seraper
849 4763 928 4821 firmo
941 4775 993 4821 stat
1007 4781 1052 4836 pe«
1104 4767 1244 4842 impedire.
1259 4767 1293 4820 Et
1307 4767 1346 4818 ita
1356 4783 1459 4838 qnoque
1477 4763 1506 4817 in
1526 4781 1586 4816 casu
1601 4779 1736 4828 conuerso,
1751 4764 1812 4832 apia
1826 4783 1874 4834 pa-

284 4849 327 4914 de,
345 4859 375 4904 ut
394 4851 468 4906 nullo
486 4851 565 4906 morlo
589 4853 689 4908 ruoeeri
716 4863 805 4926 posset
822 4871 852 4905 ac
872 4853 979 4906 mutari.
1001 4850 1053 4904 Sed
1101 4849 1221 4905 trimouii
1241 4847 1440 4904 decrementum
1460 4847 1532 4901 nullo
1552 4847 1631 4902 modo
1650 4849 1678 4900 in
1700 4856 1784 4900 tatum
1804 4851 1875 4918 pati-

283 4935 420 4988 interdum
440 4935 498 5007 ipsa
516 4953 608 4990 4444444
626 4938 737 4992 mutatio
762 4935 862 4990 decreti
882 4934 1053 4988 mutationem
1104 4945 1149 4987 tor
1166 4933 1315 4988 subsistere
1333 4931 1478 4998 decretam,
1499 4933 1522 4985 si
1542 4933 1575 4984 de
1594 4951 1659 4986 noso
1678 4933 1829 5002 inquiratur
1848 4945 1876 4987 et

283 5029 361 5088 urget
373 5029 400 5072 et
413 5029 565 5091 promoret:
584 5021 725 5092 praecipue
740 5038 803 5076 aero
814 5021 844 5071 in
856 5034 931 5072 causa
943 5019 1055 5071 41144444-

1106 5015 1316 5090 pronunciatur,
1342 5016 1460 5088 exccptio
1485 5015 1598 5070 minime
1625 5017 1748 5074 obstabit.
1778 5017 1868 5072 Cessat
1911 5033 1940 5074 tc

287 5115 393 5169 torum;
412 5105 441 5158 in
461 5105 505 5158 bis
524 5105 596 5158 enim
625 5105 808 5175 assignandis,
835 5105 898 5156 licet
918 5104 1054 5174 quantitas
1106 5100 1178 5154 enim
1192 5099 1556 5169 causajudiceti,etsic·non
1569 5102 1873 5172 nocetexceptio,Surd.

285 5187 437 5260 patrimonii
458 5205 514 5242 nou
532 5188 651 5262 praecise
670 5187 848 5258 inspiciatur,
868 5194 897 5236 at
916 5201 995 5256 snpra
1014 5182 1056 5234 di-

1105 5183 1173 5238 aot:
1188 5193 1209 5236 t.
1229 5201 1304 5238 cons.
1326 5195 1387 5238 444.
1409 5203 1435 5236 44.
1457 5195 1499 5236 44.
1517 5193 1542 5238 44
1561 5185 1587 5238 d.
1605 5201 1681 5240 oons-
1702 5197 1760 5239 stt.
1782 5205 1810 5236 n.
1832 5197 1873 5238 tt.

287 5282 369 5338 ctam,
383 5271 428 5326 sed
441 5281 546 5326 tantum
559 5290 591 5327 ne
605 5270 762 5344 egeat3quia
775 5281 862 5324 tamen
877 5285 930 5322 noo
943 5267 1055 5321 omnino
1104 5283 1177 5339 sepp-
1197 5269 1255 5323 val.
1276 5281 1301 5322 4.
1320 5267 1355 5322 lit
1373 5285 1422 5341 per
1440 5271 1457 5322 1.
1478 5283 1502 5320 4.
1522 5270 1550 5323 in
1570 5287 1613 5339 pr.
1622 5267 1664 5339 Ιῖ
1671 5269 1710 5358 414
1720 5281 1822 5342 except.
1835 5274 1879 5326 rei

288 5358 422 5428 negligere
441 5367 530 5431 potest
549 5355 707 5431 patrimonii
731 5355 925 5426 quantitatem,
946 5350 990 5405 scd
1011 5359 1052 5404 at·

289 5439 397 5496 tendere
417 5440 505 5510 debet,
526 5461 559 5498 ac
579 5443 677 5515 majora
695 5441 822 5496 alimenta
843 5439 941 5492 tribnat
958 5435 1057 5508 judex,

1099 5352 1162 5422 jad·
1182 5351 1220 5406 nil
1238 5353 1367 5426 impedit,
1395 5355 1536 5426 quominus
1565 5355 1658 5420 illum,
1683 5357 1730 5426 qni
1749 5356 1781 5410 de
1808 5375 1875 5411 noso

1106 5437 1209 5510 aliquid
1229 5437 1369 5510 possidere
1383 5439 1489 5513 eoepit,
1510 5439 1610 5512 possim
1628 5441 1778 5497 contenire.
1798 5443 1870 5494 11144
1910 5459 1938 5499 tt
