4424 6340
462 525 478 578 t
1011 528 1328 589 PRAEFATIO

435 612 550 714 Nedhe
567 619 602 688 id
617 624 742 692 mirum
758 623 831 691 luit.
846 621 1193 692 Erentmttosureas'a
1205 644 1338 708 natura,
1350 625 1403 692 rel
1418 634 1556 690 naturae
1566 621 1678 714 potins
1690 631 1834 707 auctore,
1845 620 1955 708 ΒΕΘ,

390 709 483 778 dotes
501 726 614 780 nactus
628 728 718 798 erat,
734 717 858 808 quibus
881 713 922 780 ad
938 709 1121 780 docendum
1139 727 1236 782 natus
1252 715 1432 784 rideretur.
1450 713 1570 780 Forma
1587 713 1730 802 corporis
1745 710 1888 780 hahebat
1902 712 1956 777 di-

390 803 568 890 gnitatem,
585 817 708 870 statura
724 809 765 874 ad
782 807 1012 897 proceritatem
1021 827 1205 894 assurgens,
1221 805 1317 874 facies
1333 823 1469 873 venusta
1485 820 1570 888 erat,
1594 814 1627 868 et
1640 803 1749 893 gravis
1761 813 1867 868 tamen
1876 851 1886 884 ,
1896 801 1954 868 sed

390 893 498 956 multo
516 893 726 960 excellentior
741 898 887 962 animus:
903 894 1080 986 Ingenium
1095 896 1193 963 solers
1206 919 1242 962 ac
1265 897 1427 979 suhlime,
1451 907 1485 960 et
1530 904 1674 961 racterea
1696 890 1873 982 diligenter
1890 892 1953 959 hu-

345 1013 347 1018 *
389 983 578 1048 maniorum
596 985 785 1054 litterarum
801 999 832 1053 et
849 985 1080 1076 Philosophiae
1095 985 1222 1054 cultura
1238 989 1432 1072 subactumq
1446 917 1617 1052 Jutlicintn
1633 1005 1721 1070 acre3
1736 981 1883 1048 doctrina
1893 1005 1953 1087 per

389 1068 607 1141 Prudentiam
623 1075 719 1142 Juris
733 1101 865 1144 ornnem
880 1075 1015 1160 diffusa,
1032 1074 1089 1141 sed
1105 1074 1225 1162 solid23
1239 1077 1341 1144 facilis
1357 1100 1393 1142 ac
1409 1076 1519 1144 natira
1532 1074 1743 1164 eloquentia,
1767 1089 1801 1138 et
1824 1095 1952 1163 perspi·

388 1185 490 1227 cuum
507 1177 609 1270 atque
624 1165 765 1256 planum
779 1165 912 1234 dicendi
929 1189 1040 1259 genus.
1057 1165 1235 1256 Quaeram
1252 1168 1289 1232 in
1305 1188 1373 1233 uno
1395 1177 1511 1232 cuncta
1534 1163 1634 1231 simul
1656 1161 1859 1243 eminerent,
1883 1183 1952 1228 non

388 1264 541 1340 poterant
556 1279 683 1324 ammos
698 1281 811 1326 eorum
829 1279 894 1324 non
905 1282 939 1324 ca
985 1281 1035 1340 re,
1051 1260 1111 1350 qui
1128 1256 1298 1324 docentem
1314 1256 1366 1323 rel
1380 1255 1479 1322 semel
1494 1254 1704 1322 audiverant.
1721 1252 1860 1318 Accessit
1871 1248 1953 1317 dili·

388 1343 498 1430 gentia
515 1343 551 1408 in
569 1345 706 1414 munere
722 1347 875 1415 obeundo
891 1349 925 1414 in
951 1347 1065 1432 esessa,
1082 1347 1271 1415 humanitas
1286 1358 1318 1414 et
1334 1345 1508 1415 affabilitas
1522 1343 1625 1414 cuivis
1642 1356 1767 1435 patens,
1783 1340 1952 1409 neminem

388 1432 582 1520 excludens3
605 1449 640 1502 et
662 1437 742 1506 fides
757 1440 794 1504 in
811 1437 978 1506 Studiosos
990 1461 1126 1505 summa.
1140 1437 1244 1504 Nemo
1267 1437 1499 1504 Studiosorum
1522 1434 1565 1502 ad
1587 1459 1666 1500 eum
1681 1432 1830 1518 accessit,
1846 1453 1951 1522 quem

388 1544 455 1588 non
469 1523 510 1588 ad
523 1527 729 1618 colloquium
745 1529 944 1594 admitteret.
959 1525 1136 1595 Neminem
1150 1527 1298 1612 admisit,
1311 1529 1408 1616 cujus
1432 1526 1623 1618 ingenium,
1647 1523 1772 1604 studia,
1796 1534 1830 1587 et
1852 1521 1951 1613 quic·

387 1612 558 1703 quidnllo
575 1615 725 1686 modoad
742 1644 817 1685 eum
838 1620 1003 1709 pertinere
1028 1629 1171 1709 poterat,
1194 1641 1261 1684 non
1283 1619 1480 1708 exploraret.
1504 1614 1677 1682 Neminem
1701 1613 1949 1704 exploraverat,

387 1727 490 1794 quem
503 1728 570 1771 nou
586 1709 725 1800 egregiis
739 1727 773 1776 et
786 1708 982 1776 salutaribus
997 1709 1141 1775 consiliis
1152 1709 1254 1774 etiam
1265 1707 1353 1776 ultro
1362 1707 1403 1773 de
1416 1707 1543 1774 ratione
1552 1704 1739 1773 studiorum
1750 1702 1875 1795 optima
1890 1699 1951 1768 do·

386 1807 483 1860 ceret.
499 1793 599 1885 Quod
621 1801 648 1866 si
663 1823 764 1893 quem
778 1801 850 1891 opis
865 1799 1026 1866 ctauxilii
1043 1799 1248 1891 indigentem
1264 1809 1414 1881 noverat,
1430 1796 1595 1864 laboranti
1619 1793 1743 1876 adluit,
1766 1815 1949 1884 omnesque

385 1896 420 1949 et
434 1888 568 1953 consilio
590 1897 624 1955 et
637 1915 737 1982 opere
752 1890 891 1982 adjuvit.
908 1888 959 1954 Ex
976 1912 1045 1982 quo
1060 1888 1200 1973 sactum,
1212 1901 1248 1954 nt
1266 1890 1302 1955 in
1318 1887 1420 1954 oculis
1434 1900 1468 1953 et
1479 1887 1592 1953 animo
1606 1885 1810 1974 carissimum
1826 1883 1948 1950 Docto-

384 1998 456 2040 rem
477 1999 591 2046 omnes
612 1980 753 2066 ferrent,
778 2005 891 2046 omnes
913 1980 1063 2072 undique
1076 1993 1300 2063 accurrerent,
1316 1978 1480 2046 doctrinas
1493 1977 1589 2046 avide
1604 1975 1793 2059 haurirent,
1809 1986 1844 2041 et
1857 1998 1896 2042 ea
1912 1999 1948 2041 e-

385 2069 439 2157 jus
453 2067 557 2134 schola
565 2123 575 2153 ,
587 2085 757 2164 tamquam
770 2096 810 2138 ex
824 2071 971 2162 Trojano
986 2093 1089 2162 equo,
1100 2072 1245 2162 insignes
1261 2090 1381 2162 magno
1397 2091 1536 2134 numero
1551 2065 1723 2158 prodirent
1737 2065 1828 2152 Viri,
1845 2066 1882 2132 in
1899 2065 1949 2130 lo·

385 2155 447 2235 ris,
464 2159 499 2222 in
516 2159 719 2247 Academiis,
735 2164 771 2228 in
785 2160 986 2250 Republica,
1004 2163 1037 2225 in
1056 2161 1135 2252 ipsis
1158 2182 1292 2252 quoqne
1320 2157 1405 2225 aulis
1430 2157 1640 2224 utilissimam
1664 2157 1790 2248 ubique
1813 2179 1948 2245 operam

383 2247 593 2338 praestituri3
610 2252 718 2341 ipsum
734 2274 812 2318 vero
828 2249 1071 2316 STRYllthl
1087 2274 1297 2318 communem
1314 2247 1524 2313 Germaniae
1538 2245 1749 2335 Magistrum
1764 2246 1864 2313 etiam
1881 2269 1951 2312 ma-

384 2334 443 2424 gni
460 2336 533 2403 liri
551 2341 761 2428 salutarent(
785 2341 811 2428 ).

389 2441 406 2502 t
428 2423 522 2514 Quid
530 2429 572 2496 de
586 2428 763 2519 prudentia
779 2430 904 2512 dicam,
920 2427 1146 2497 fundamentis
1160 2427 1282 2497 solidae
1297 2427 1465 2495 doctrinae
1481 2440 1513 2495 et
1524 2425 1638 2519 judicii
1656 2428 1947 2496 maturiconstitu-

383 2531 430 2595 ta,
442 2528 476 2581 et
486 2519 591 2585 multo
606 2521 762 2611 temporis
773 2520 862 2610 longi
874 2544 936 2584 usu
953 2519 1123 2588 roborata?
1136 2520 1178 2587 ln
1188 2519 1279 2585 oraui
1293 2531 1380 2586 certe
1393 2543 1523 2603 rerum,
1539 2541 1620 2610 quas
1636 2520 1812 2602 tractabat,
1827 2541 1947 2610 genere

382 2626 511 2696 semper
525 2609 590 2674 sibi
605 2610 762 2676 constitit.
781 2610 819 2677 Si
834 2609 1063 2702 disceptandae
1081 2635 1116 2677 ac
1129 2608 1361 2702 dijudicandae
1373 2633 1486 2676 causae
1501 2620 1772 2691 essent,cantum
1788 2632 1820 2674 se
1836 2633 1871 2675 ac
1883 2610 1947 2675 cir·

382 2710 603 2786 cumspectum
624 2701 793 2790 praebuit,
810 2712 843 2766 et
860 2724 927 2767 non
944 2698 1038 2765 modo
1054 2699 1164 2766 litium
1181 2699 1403 2790 praesentium
1417 2699 1644 2765 contentiones
1659 2717 1758 2791 atque
1774 2699 1869 2766 tricas
1890 2723 1947 2764 er-

379 2785 880 2879 plicavitetcomposuitsummn
889 2815 926 2856 ae
952 2788 1069 2871 nitate,
1081 2790 1137 2856 sed
1153 2789 1339 2858 suturarum
1351 2789 1449 2856 etiam
1461 2788 1631 2854 materiam
1641 2787 1840 2854 dexterrima
1851 2813 1947 2880 prae·

380 2871 462 2940 cidit
480 2877 697 2965 providentia.
715 2879 756 2946 ln
772 2813 1015 2946 docendolare
1029 2879 1075 2946 sic
1090 2891 1238 2948 versatus
1260 2891 1324 2962 cst,
1348 2892 1386 2946 ut
1410 2889 1574 2945 momenta
1596 2877 1707 2944 rerum
1731 2893 1943 2970 sequeretur,

379 2987 574 3057 semperque
589 2968 683 3052 talia,
700 2993 786 3060 quae
801 2971 887 3036 vitae
902 2967 1081 3062 aliquando
1097 2969 1268 3061 prolatura
1284 2981 1408 3050 esseut,
1431 2967 1588 3035 traderet.
1612 2967 1703 3059 Ipsas
1749 2993 1860 3059 noque
1883 2969 1946 3036 Di-

382 3057 591 3142 sputationes
604 3059 836 3126 fructuosiores
849 3071 882 3124 et
898 3057 939 3124 ad
956 3059 1073 3150 praxin
1090 3060 1250 3150 aptiores,
1266 3082 1368 3150 quam
1384 3078 1477 3125 antea
1493 3057 1624 3125 lucrant
1640 3059 1710 3148 (a),
1725 2995 1814 3142 iecit,
1831 3072 1869 3125 ut
1885 3059 1944 3126 hac

377 3166 511 3236 quoque
527 3147 563 3212 in
579 3173 614 3214 re
624 3149 807 3234 meliorem,
817 3150 877 3240 qui
888 3172 978 3216 nunc
993 3147 1138 3233 obtinet,
1162 3173 1285 3216 morem
1304 3147 1377 3214 Viri
1394 3147 1810 3240 Prudentissimiexenrplo
1822 3147 1944 3215 deheu-

346 3293 348 3296 ,
378 3257 466 3316 nias,
481 3237 542 3327 qni
556 3238 683 3328 primus
700 3239 791 3306 velut
803 3241 935 3330 signum
951 3237 993 3304 ad
1018 3240 1095 3306 haec
1110 3236 1315 3308 emendanda
1333 3240 1476 3306 sustulit.
1502 3239 1612 3327 Quam
1638 3239 1792 3306 llorentes
1816 3237 1942 3306 Acade-

376 3324 476 3403 mias,
491 3349 574 3416 quas
590 3328 658 3416 ipse
672 3327 859 3394 moderatus
874 3347 942 3412 est,
958 3327 1118 3408 effecerit,
1132 3353 1183 3395 res
1199 3329 1267 3417 ipsa
1282 3327 1433 3418 loquitur
1447 3331 1505 3418 (3)
1514 3329 1630 3419 'Quam
1644 3329 1735 3396 utilis
1752 3329 1786 3394 in
1803 3331 1943 3420 negotiis

377 3411 526 3479 aularum
538 3414 653 3484 dextre
665 3415 879 3506 expediendis
891 3441 911 3482 o
935 3441 987 3481 era
1005 3421 1076 3508 ejus
1092 3418 1212 3495 luerit,
1226 3441 1265 3483 ex
1278 3440 1405 3482 summo
1415 3469 1424 3498 ,
1466 3441 1508 3485 uo
1523 3419 1653 3510 gavisus
1670 3443 1735 3486 sens
1762 3444 1798 3484 er
1813 3432 1877 3500 est,
1896 3420 1912 3486 s
1928 3459 1943 3470 -

378 3525 454 3568 rore
471 3503 667 3596 Principum
682 3507 888 3598 cognoscitur
903 3441 1139 3572 iOHthES
1155 3504 1396 3573 GEORGIUS
1411 3445 1474 3574 Ill.
1501 3507 1678 3575 Saxoniae
1694 3444 1944 3592 Elictor,cu1n
2021 3549 2023 3554 ·

377 3591 591 3686 Witehergae
606 3613 806 3677 venaretur,
817 3595 971 3662 Nostrum
988 3596 1068 3663 adeo
1083 3594 1258 3662 clementer
1273 3593 1406 3680 habuit,
1423 3611 1460 3662 ut
1477 3598 1656 3662 aulicorum
1675 3597 1836 3662 invidiam
1852 3622 1887 3663 ca
1902 3598 1944 3664 de

375 3703 470 3749 causa
486 3684 540 3750 hic
558 3685 726 3753 incurrent
736 3684 794 3774 (4)
808 3685 950 3755 Elector
961 3704 1070 3753 autem
1086 3683 1411 3776 Brundenburgicus
1428 3683 1710 3754 FlllDERlCUS
1726 3685 1789 3753 lll.
1807 3687 1871 3776 (is,
1883 3689 1946 3780 qai

376 3791 486 3862 pomea
501 3775 564 3842 sub
582 3774 822 3847 FRIDERICI
839 3778 866 3843 l.
883 3777 1016 3845 nomine
1032 3775 1169 3870 Regiam
1182 3775 1379 3868 dignitatem
1390 3777 1426 3843 in
1440 3775 1688 3844 Serenissimam
1701 3775 1835 3842 clausurn
1848 3803 1943 3844 suam

446 3993 488 4066 (ι)
507 3995 611 4052 nnnc.
630 4001 764 4056 eorm.
785 4000 926 4056 STRUVE
944 4002 973 4056 in
994 4002 1123 4072 Epistola
1141 3999 1180 4056 ad
1195 4005 1273 4061 ton.
1293 4003 1375 4060 stoi.
1394 4000 1596 4064 srttttttttot,
1615 4016 1693 4072 supra
1709 4009 1763 4054 not.
1776 3998 1821 4070 (t)
1835 4019 1893 4070 pag.
1916 4015 1939 4050 s.

378 4068 587 4138 Quamprimum
605 4085 719 4128 mortem
737 4071 836 4143 optimi
852 4075 985 4129 Parentis
1007 4075 1058 4129 Tui
1074 4073 1224 4142 nunciasti,
1237 4077 1392 4147 jacturam,
1411 4094 1493 4148 quam
1512 4073 1638 4128 universa
1663 4073 1813 4126 Germania
1828 4073 1857 4126 in
1871 4083 1938 4126 tan-

374 4147 401 4189 so
426 4138 490 4192 Viro
499 4139 565 4210 fuis
579 4162 720 4216 perpessa,
741 4162 843 4200 meeum
860 4163 895 4214 pe
929 4147 1000 4202 endi.
1020 4151 1078 4200 Ima
1097 4145 1181 4200 subiit
1197 4149 1320 4201 animuin
1339 4167 1428 4204 meum
1445 4145 1529 4200 tacita
1548 4144 1703 4211 ueneratio,
1721 4146 1786 4198 dum
1812 4146 1938 4198 conside-

373 4212 705 4276 raram,coottttttrtnn1
730 4217 896 4271 ananan!
954 4215 1229 4273 PRAECEPTOREM
1252 4219 1308 4274 rita
1332 4221 1440 4293 pariter
1462 4216 1608 4290 spirituque
1630 4231 1687 4268 esse
1711 4215 1859 4287 privatum.
1885 4221 1945 4268 Ast'

373 4277 439 4333 dum
455 4284 564 4340 rasione
581 4287 741 4355 lustrarem,
760 4309 830 4362 quae
848 4289 936 4342 adhue
954 4289 1030 4358 apud
1046 4287 1165 4343 eruditos
1182 4308 1278 4346 omnes
1297 4313 1329 4347 ua
1347 4294 1434 4346 bonos
1451 4289 1569 4361 supersit
1587 4289 1620 4340 B.
1646 4286 1707 4340 Viri
1730 4289 1877 4353 memoria,
1893 4291 1942 4359 qni

371 4353 494 4408 eumdem
512 4375 641 4429 magnum
659 4373 740 4431 atqua
756 4359 1126 4417 JURE·GONSULTORUM
1146 4313 1344 4419 tumeliam
1364 4363 1505 4436 adpellare
1523 4378 1581 4414 non
1599 4359 1738 4426 dubitant,
1757 4357 1811 4428 ipse
1819 4360 1940 4431 penitius

370 4425 532 4483 examinare
549 4431 626 4502 capi,
646 4451 701 4505 qua
720 4435 828 4486 ratione
847 4435 899 4486 hoe
912 4431 1081 4504 potissimum
1100 4435 1245 4488 conveniat
1262 4436 1388 4507 elogium.

443 4497 534 4567 (t)1n
552 4505 716 4587 praelatione
733 4507 766 4556 ad
783 4506 914 4558 Velamen
933 4502 953 4554 l.
971 4505 1105 4576 Disputat.
1124 4505 1296 4571 Halensinm,
1315 4509 1334 4558 ἀ
1353 4507 1428 4560 Filio
1446 4503 1549 4560 editum
1565 4507 1651 4560 Anno
1669 4514 1743 4556 tris.
1757 4503 1823 4586 haee
1839 4504 1939 4573 legun-

368 4574 431 4619 tur:
453 4571 556 4638 Quodn
573 4577 645 4630 enim
664 4578 702 4631 ad
718 4595 750 4630 ea
767 4588 891 4647 tempora
917 4575 1107 4640 respiciamus,
1133 4591 1204 4645 qaae
1221 4586 1421 4633 antecesserunt
1445 4577 1537 4632 Vitam
1561 4578 1594 4629 B.
1621 4575 1692 4638 Viri,
1718 4575 1938 4640 consideraturi,

368 4641 464 4704 quales
480 4651 545 4698 tunc
562 4645 767 4720 Disputationes
784 4649 814 4703 in
833 4647 993 4703 Acadsmiis
1011 4643 1263 4715 usitatnesuerint,
1284 4648 1463 4720 manifestum
1476 4649 1542 4716 erit,
1556 4661 1585 4703 ut
1594 4647 1668 4719 pluri
1677 4665 1740 4701 aum
1754 4646 1837 4712 niltil,
1852 4667 1936 4719 quam

368 4711 613 4784 slieseseoneisas,
632 4721 927 4790 aasaepeobsauras,
945 4719 1096 4792 exquibus
1116 4715 1184 4772 nihil
1200 4722 1362 4776 eruditionis
1379 4721 1488 4775 hauriri
1499 4732 1525 4774 et
1538 4721 1575 4774 ad
1590 4727 1711 4772 nostram
1726 4735 1804 4772 risum
1817 4719 1845 4771 in
1867 4721 1938 4772 Ger-

368 4781 464 4836 mania
483 4787 558 4838 trahi
571 4791 670 4856 potuit,
689 4790 815 4846 examini
825 4791 933 4864 publico
950 4792 1095 4862 subjectas,
1115 4803 1164 4845 aut
1181 4791 1207 4844 si
1223 4810 1431 4866 nonnumquam
1457 4795 1556 4845 Thema
1574 4792 1707 4864 quoddam
1719 4793 1825 4858 plenius
1838 4809 1938 4845 sauses-

367 4852 543 4924 tumsusrit,
561 4862 691 4929 malgario
707 4873 800 4918 tamen
819 4873 995 4932 argumenta,
1015 4859 1126 4932 integris
1149 4863 1339 4919 Voluminibns
1350 4867 1413 4936 jam
1433 4881 1563 4928 escensa,
1582 4863 1682 4926 electa,
1695 4874 1722 4916 et
1734 4862 1872 4918 levidensi
1883 4882 1937 4915 me-

367 4926 450 4978 thodo
469 4929 611 4984 elaborata
619 4929 722 5002 flasse,
744 4935 870 5002 neglectis
885 4932 1070 4988 selectioribus
1087 4935 1263 4999 thematibus,
1283 4957 1352 5008 quae
1370 4949 1460 4991 tumen
1479 4935 1612 5004 primaria
1632 4935 1874 5006 Disputationibus
1895 4939 1936 4985 A·

367 4997 513 5053 eadenricis
530 5003 659 5057 inseruire
677 5005 818 5060 delebant.
837 5005 979 5061 Eaeeitubit
996 5005 1039 5060 hic
1056 5005 1191 5074 ssegleatus
1214 5006 1378 5064 industriam
1402 5011 1437 5062 B.
1455 5008 1601 5071 Parentis,
1627 5019 1655 5062 ut
1674 5007 1707 5060 de
1726 5007 1831 5060 selectis
1850 5025 1935 5070 argu-

367 5069 465 5124 mentis
481 5076 672 5146 conquirendis
688 5097 744 5132 reon
765 5075 846 5129 modo
865 5088 934 5129 esset
948 5078 1093 5139 sollicitus,
1110 5076 1161 5130 sed
1177 5075 1260 5131 etium
1277 5092 1420 5150 praeterea
1440 5079 1642 5134 conclusionum
1661 5081 1794 5140 urbertate,
1809 5097 1863 5148 qua
1875 5078 1936 5144 pol-

367 5141 453 5205 tetur.
473 5159 637 5212 exornaret,
657 5147 705 5203 illa
723 5148 880 5218 praecipue,
899 5163 969 5218 quae
986 5147 1090 5219 praaein
1109 5149 1239 5220 perlicere
1260 5162 1403 5220 poterunt,
1422 5150 1571 5220 colligeret,
1592 5149 1675 5203 etita
1689 5150 1938 5204 omniaconnecte·

367 5223 422 5278 ret,
441 5227 470 5269 ut
487 5219 515 5270 in
526 5215 597 5286 jirro
616 5221 788 5275 versantibus
805 5219 839 5274 ab
858 5237 889 5272 eo
908 5220 1075 5292 corrseriptae
1094 5221 1254 5294 habitaeque
1269 5225 1437 5294 praesidium
1456 5223 1551 5294 ingens
1570 5221 1809 5293 uch'saneutamque
1837 5222 1936 5275 attule-

366 5288 433 5350 rint,
452 5290 483 5363 ι’(
498 5291 571 5362 qaod
588 5309 623 5344 ea
641 5302 682 5345 tot
700 5293 867 5348 eruditorum
884 5291 1049 5348 testimoniis
1065 5305 1183 5347 constat·
1817 5307 1821 5312 '

439 5359 480 5430 (s)
497 5363 562 5414 Vitl.
583 5381 658 5433 snpra
678 5379 732 5420 not.
751 5363 792 5434 (6)
812 5381 866 5434 pag.
889 5377 911 5412 5.

438 5431 845 5504 (t)TesteLt*ItEtt⁷lG101.
865 5453 887 5489 c·
906 5436 929 5508 5.
951 5450 993 5490 so.
1014 5455 1039 5509 p.
1062 5445 1104 5490 ta.
