4424 6340
336 579 370 633 27
530 563 579 618 DE
599 559 806 620 DARDANAR.
825 561 929 618 ctttct
950 561 1055 618 tout).
1075 565 1120 620 ΕΤ
1138 566 1245 621 stass.
1265 563 1408 638 DELINQ.
1427 567 1542 622 POENA

242 663 470 725 Circumstantiae
488 675 578 718 autem
606 657 641 718 ιι
659 662 717 718 1ιυί
741 660 839 716 delicto
857 679 943 734 prove
953 661 1008 733 sa·

276 773 351 819 cere,
363 763 390 808 et
408 749 504 805 mortis
520 769 614 820 poena
631 749 743 820 dignum
762 746 872 821 efficere
888 757 1008 814 poterent.

278 857 307 892 ll·
327 848 369 890 34.

246 921 440 980 Examinatur
450 921 588 990 carpzov.
600 915 745 981 sententia,
760 936 841 988 quam
853 917 926 974 eirca
940 917 1011 971 hanc

278 1005 440 1075 remsocet.
457 1021 497 1070 pr.
516 1003 592 1056 crim.
609 1019 673 1074 pag.
694 1014 718 1054 ι.
732 1023 777 1074 qu.
798 1015 855 1057 ιιι.
875 1023 902 1056 n.
926 1012 965 1054 ts.
984 1009 1011 1054 et

278 1109 352 1164 seqq.
371 1110 400 1142 n.
422 1101 464 1141 tt.

245 1183 313 1233 Item
332 1175 473 1229 sententia
493 1173 637 1229 Menochii
651 1171 696 1226 lib.
719 1183 741 1225 4.
755 1175 791 1226 A.
811 1175 834 1225 t.
856 1173 887 1242 Q
906 1181 1009 1244 quaest.

280 1273 324 1313 ss.
342 1280 370 1314 n.
393 1274 415 1314 t.
437 1279 465 1313 n.
484 1271 525 1312 se.
954 1319 956 1326 ,

246 1343 394 1398 Concludit
404 1341 516 1396 tandem
531 1343 647 1409 Auctor,
661 1343 735 1420 qnod
744 1359 802 1410 cop.
814 1339 936 1410 irrogare
947 1356 1009 1408 pos-

276 1426 326 1490 sit,
346 1425 373 1478 si
394 1426 615 1480 circumstantiae
637 1424 730 1478 delicti
752 1443 812 1476 eam
837 1432 1008 1487 mereantur,

280 1509 391 1566 etiamsi
403 1513 450 1564 lca
462 1527 580 1580 poenam
595 1529 652 1578 cap.
667 1529 723 1562 non
742 1508 903 1578 imposuerit
919 1526 946 1559 n.
966 1519 1007 1560 ιι.

246 1599 323 1664 Quae
339 1597 565 1668 poenasulsarii
578 1599 663 1666 pond.
690 1607 718 1652 et
743 1615 826 1650 naeus.
845 1593 1011 1667 afficiantur

280 1683 401 1737 moribus
414 1683 594 1755 quorumdam
611 1683 791 1754 populorum,
804 1692 830 1732 et
847 1681 954 1753 quidem
968 1681 1009 1753 (t)

279 1767 354 1836 apud
370 1772 508 1821 Saxones.
530 1785 556 1818 n.
578 1779 620 1819 stt·

241 1853 286 1922 (2)
306 1856 338 1906 In
358 1852 486 1906 diarchia
507 1871 534 1903 n.
555 1857 597 1903 ss.

241 1937 286 2004 (s)
306 1937 390 2005 Apud
407 1935 627 1990 dlecldinienset.
648 1955 675 1987 ιι.
698 1943 738 1986 4ο.

239 2025 343 2075 Ροιιια
361 2021 455 2074 Carol.
471 2023 554 2084 dure,
569 2021 617 2073 vel
636 2017 892 2083 eonsrsetndinaio,
905 2029 1009 2074 statuta

278 2123 335 2157 noa
350 2103 464 2172 derogat
476 2103 646 2156 eonslietioni
657 2103 684 2155 in
700 2103 768 2156 Jure
786 2102 841 2154 cio.
849 2101 1009 2172 sauciatae,

276 2207 346 2258 quae
366 2187 429 2240 dnri
444 2189 515 2240 solet
529 2185 603 2257 parti
617 2187 724 2240 laesae.
743 2205 770 2238 n.
794 2195 834 2237 tt.

242 2274 338 2342 Ii'epne
348 2289 441 2340 poena
458 2269 532 2342 dupli
548 2290 601 2341 per
621 2273 713 2322 Const.
732 2269 819 2327 Crim.
835 2272 943 2327 sublata
956 2283 1009 2340 est,

279 2356 409 2428 quidquid
425 2357 539 2425 qnidam
571 2356 646 2408 Jcn'
665 2356 693 2408 in
715 2356 812 2425 Belgio
836 2356 937 2409 distant.
961 2359 1015 2413 Ubi

279 2442 364 2494 simul
381 2441 418 2495 ad
434 2440 529 2509 object.
549 2457 617 2510 resp.
637 2459 665 2491 n.
687 2450 727 2490 tt.
878 2441 894 2451 ⁸

243 2529 297 2594 Qu.
316 2544 352 2578 an
379 2525 437 2596 quis
465 2525 544 2596 dupli
559 2543 650 2593 poena
677 2545 695 2578 n
710 2524 837 2594 salsario
859 2525 943 2596 pond.
964 2528 1012 2581 oel.

279 2625 364 2664 mens.
381 2607 485 2680 petita,
511 2609 594 2678 possit
613 2619 711 2679 postea
738 2609 916 2664 nihilominus
933 2628 1013 2684 agere

282 2693 483 2748 criminaliter?

244 2781 311 2833 ttae.
332 2779 394 2833 dub.
415 2776 547 2848 affertur.
572 2795 599 2830 n.
621 2787 662 2829 ts.

245 2862 311 2934 ΔΙ.
330 2873 423 2916 tamen
443 2861 567 2934 quaestio
576 2899 584 2926 ,
604 2872 630 2916 et
649 2861 719 2915 Iure
736 2861 799 2918 Ciu·
810 2863 1014 2920 statuminatur.

282 2969 310 3001 n.
332 2958 373 2998 tt.

242 3035 285 3086 Et
306 3029 343 3086 ad
361 3040 413 3085 rat.
432 3031 494 3084 dut.
513 3045 585 3100 resp.
604 3050 632 3083 n.
653 3041 694 3081 ts.

243 3115 407 3173 Remittitur
425 3117 541 3178 lector,
562 3115 610 3183 qui
631 3114 712 3182 plura
731 3112 765 3166 de
783 3115 910 3170 Darslart.
928 3119 1016 3192 legere

282 3198 406 3272 ἆίπιιρὶι,
425 3199 465 3254 ad
482 3209 615 3252 auctores.
635 3219 663 3251 ιι.
685 3204 727 3250 it.

247 3294 283 3426 J
286 3365 436 3419 usticianeo
461 3367 519 3434 jure
547 3363 702 3434 infrequens
723 3365 792 3420 haud
817 3386 889 3436 esse,
914 3372 1016 3428 crimen

248 3451 358 3522 aliquod
374 3450 493 3502 dirersis
508 3449 621 3518 iegibus
633 3450 776 3516 uindicari,
794 3469 884 3523 snpm,
898 3475 919 3509 c.
935 3471 957 3508 5.
972 3459 1018 3511 de.

248 3537 277 3588 di
297 3535 451 3608 probatum.
470 3534 545 3586 idem
565 3533 609 3585 hic
629 3534 678 3586 inci
697 3536 834 3590 observare
858 3551 912 3601 est;
938 3545 1018 3596 Modo

250 3623 324 3677 euim
338 3617 549 3674 extraordinarie
563 3618 707 3689 ponderum
723 3620 841 3688 falsarii,
855 3625 931 3678 modo
944 3627 1017 3680 ordi.

249 3705 326 3758 narie
344 3704 507 3776 puniamur,
521 3703 614 3757 Tiier.
632 3703 741 3757 ltecinn.
768 3708 811 3760 Tr.
830 3710 915 3762 Crim.
934 3711 980 3764 lib.
995 3725 1019 3766 ι,

249 3811 276 3844 c.
291 3801 333 3842 22.
348 3807 375 3840 ιι.
392 3801 432 3841 ss.
448 3785 666 3841 Extraordinuria
680 3787 802 3842 criminis
817 3791 893 3860 hujus
906 3798 1021 3864 cognitio

250 3873 361 3927 lucidata
374 3875 402 3924 in
418 3875 450 3926 l.
465 3871 629 3926 Dardanon.
642 3883 682 3924 at.
691 3868 733 3939 Ι
753 3875 785 3926 de
794 3894 876 3945 poen.
896 3879 941 3931 uti
955 3881 1019 3934 Dur-

250 3957 419 4011 danuriotum
433 3956 503 4008 cirea
517 3955 613 4008 ialsmn
634 3975 816 4010 mensurarum
832 3959 937 4016 tnodum
952 3981 1019 4016 com.

250 4043 363 4097 missum
376 4041 501 4094 delictum
515 4079 522 4105 ‚
534 4041 569 4093 ob
583 4039 728 4092 utilitatem
743 4045 878 4114 popularis
890 4065 1018 4115 annonae,

251 4142 300 4196 pso
314 4125 392 4178 modo
412 4125 521 4177 admissi
535 4134 609 4178 extra
619 4125 740 4178 ordinem
759 4127 888 4181 vindicari
910 4130 1018 4186 dieitm.

249 4208 404 4278 Repetendo
424 4227 484 4278 ergo
503 4209 548 4262 hic
565 4218 642 4274 suut,
663 4229 729 4280 quae
755 4210 787 4263 de
810 4215 1020 4271 extraordinario

250 4293 367 4359 delicto,
381 4303 408 4346 et
426 4293 540 4345 arbitrio
558 4293 656 4362 judicis
677 4294 724 4346 tadi
744 4311 804 4346 casu
823 4307 895 4350 recte
912 4299 1018 4352 castior·

251 4377 487 4448 mando,superius
500 4397 523 4431 e.
538 4391 561 4430 t.
576 4397 603 4430 n.
620 4389 643 4428 t.
657 4377 686 4430 in
702 4377 817 4431 medium
835 4383 935 4452 prolata
947 4392 1018 4436 sunt.

249 4469 352 4536 Vagam
372 4467 485 4519 enimet
506 4464 554 4516 hoc
567 4461 760 4534 quodammodo
777 4465 880 4518 crimen
901 4477 956 4533 est,
970 4483 1019 4520 neo

250 4567 355 4622 semper
374 4549 427 4604 sibi
446 4555 532 4602 certos
550 4544 681 4618 praefixos
693 4547 772 4601 habet
790 4549 907 4614 limites,
926 4560 957 4604 ut
975 4570 1018 4604 ea·

250 4643 360 4703 propter
383 4633 536 4688 rectissime
558 4631 672 4685 arbitrio
696 4631 808 4700 judicis,
842 4637 915 4702 juxta
940 4635 1019 4703 Leges

251 4717 432 4783 conformato,
447 4734 495 4786 pro
510 4717 587 4770 ruodo
605 4713 919 4770 adntissi'tindicundum
934 4720 1018 4773 relin-

251 4801 473 4871 quassatusue
485 4819 587 4871 quoque
606 4801 695 4854 miuus
715 4801 902 4855 admirationis
916 4803 1019 4868 stabest,

250 4903 331 4954 quate
341 4887 404 4941 teti
417 4887 445 4938 in
460 4885 604 4938 Pandectas
615 4885 705 4949 relati,
719 4885 834 4937 diversis
852 4885 1018 4940 diuersurum

251 4969 350 5039 Legum
368 4971 477 5043 poenis,
498 4969 579 5032 iliud,
599 4969 668 5039 quod
685 4969 850 5022 nominatum
870 4981 946 5023 auten
967 4982 1019 5038 est,

252 5053 379 5109 delictum
399 5057 533 5110 noluerint
551 5053 689 5120 subjicere.
708 5052 796 5124 Confi
821 5055 874 5107 Du.
894 5053 1019 5127 Carpaor.

252 5143 302 5192 Pr.
314 5139 401 5195 Crim.
414 5143 450 5194 P.
465 5151 489 5190 2.
506 5143 538 5209 (t.
553 5151 596 5190 ss.
610 5159 638 5191 n.
653 5149 696 5191 to.

288 5223 441 5276 Videndum
453 5234 539 5277 autem
555 5225 607 5292 jam
622 5233 673 5287 est,
684 5219 749 5291 quid
764 5222 793 5273 iu
811 5231 904 5276 nostra
917 5225 950 5278 L.
968 5243 1021 5279 aa·

252 5325 357 5361 nonam
372 5305 396 5380 5.
411 5319 433 5360 t.
445 5319 471 5360 et
485 5319 508 5358 2.
521 5307 570 5360 hoc
589 5307 621 5358 de
639 5305 755 5359 crimine
773 5303 932 5374 dispositum
946 5323 1022 5378 repe·

256 5398 349 5448 riatur.
363 5395 397 5448 Et
410 5395 518 5466 quidem
533 5396 560 5446 in
573 5394 600 5447 d.
614 5391 636 5465 5.
661 5405 682 5444 4.
702 5391 816 5455 dicisum
830 5393 863 5444 D.
877 5395 1020 5462 Traianum

254 5479 377 5534 attenua
397 5479 580 5554 proposuisse,
601 5495 682 5550 eoque
699 5475 794 5532 Edicto
813 5495 924 5551 poenam
944 5477 1021 5550 legis

1699 570 1749 622 128

1059 664 1197 726 Corneliae
1209 665 1237 716 in
1257 673 1376 718 utentem
1390 665 1494 718 stateris
1507 665 1665 722 adulterinis
1684 657 1821 740 statuisse,

1060 749 1171 820 perinde
1189 751 1254 803 acsi
1276 751 1342 820 Lege
1360 752 1572 806 Testamentaria
1590 754 1730 808 damnatus
1743 771 1821 813 esset.

1061 834 1114 887 Hic
1125 835 1179 887 [ιι
1193 835 1389 888 testamentaria
1410 835 1500 888 eadem
1514 847 1565 903 est,
1579 857 1645 907 qnae
1656 839 1710 894 Lex
1721 842 1821 898 Corne-

1060 919 1111 984 tta,
1131 921 1182 972 luta
1196 940 1209 972 a
1225 919 1285 972 Luc.
1299 919 1403 974 Coraci.
1417 921 1488 990 Syllo
1497 959 1505 985 ,
1517 926 1549 976 L.
1564 936 1587 974 2.
1599 921 1623 995 5.
1638 937 1679 978 22.
1682 924 1723 994 Ι
1736 929 1768 982 de
1789 933 1820 984 (l.

1063 1005 1086 1056 t.
1100 1005 1166 1056 'Nam
1180 1003 1245 1057 haec
1259 1005 1312 1057 Lex
1325 1003 1512 1076 principaliter
1522 1007 1555 1060 dc
1564 1011 1742 1066 Testamentis
1755 1013 1822 1068 falso

1061 1089 1236 1160 conscriptis,
1247 1091 1407 1162 suppressis,
1423 1091 1578 1160 resignatis,
1592 1095 1725 1160 recitatis,
1738 1097 1823 1167 subje-

1061 1173 1112 1225 ctis
1125 1174 1186 1227 dolo
1198 1176 1284 1240 malo,
1298 1176 1364 1240 lata,
1379 1175 1473 1246 dequo
1485 1175 1513 1226 in
1527 1178 1561 1228 l.
1576 1189 1599 1228 ι.
1602 1175 1644 1246 Ι
1656 1182 1695 1232 ad
1706 1183 1738 1233 t.
1750 1183 1821 1237 Cor-

1061 1258 1113 1310 nel.
1132 1257 1166 1312 de
1184 1259 1260 1312 Fals.
1283 1259 1356 1312 ilinc
1373 1258 1453 1312 etium
1471 1259 1519 1313 ille
1537 1261 1630 1314 titulus
1648 1283 1661 1316 a
1676 1265 1770 1318 Paulo
1799 1279 1822 1318 s.

1060 1347 1180 1396 sentent.
1202 1355 1244 1394 tt.
1262 1344 1295 1397 ad
1315 1344 1342 1396 i..
1362 1344 1510 1398 Corneliam
1537 1350 1761 1414 testamentariam
1781 1351 1824 1403 iu·

1061 1427 1208 1493 scribitur,
1224 1437 1338 1482 notante
1358 1427 1510 1484 Godosrcdo
1529 1431 1567 1485 ad
1583 1432 1692 1486 liniris.
1701 1430 1742 1501 Ι.
1760 1437 1784 1488 cl.
1804 1445 1823 1485 t.

1060 1512 1099 1564 lit.
1113 1513 1137 1564 b.
1150 1515 1264 1566 Vocatur
1280 1513 1360 1566 etium
1375 1531 1497 1586 expresse
1517 1515 1569 1567 lex
1590 1518 1786 1572 testamentaria
1800 1515 1823 1589 5.

1062 1607 1084 1646 t.
1100 1598 1189 1650 Instit.
1203 1598 1234 1652 de
1247 1599 1328 1652 Publ-
1341 1599 1408 1655 Jnd.
1420 1603 1453 1652 L.
1465 1611 1506 1653 ιο.
1518 1616 1562 1667 pr.
1563 1595 1604 1667 Ι
1617 1599 1654 1654 ad
1665 1605 1697 1655 l.
1715 1603 1824 1656 Cornel.

1059 1681 1092 1733 de
1106 1683 1185 1735 Fcis.
1201 1683 1294 1736 Postea
1308 1694 1395 1735 autem
1407 1684 1469 1735 baec
1483 1682 1537 1736 Lex
1549 1684 1676 1738 JCturum
1690 1686 1823 1758 interpre·
1862 1701 1875 1742 t

1060 1765 1222 1832 tationibus,
1237 1767 1349 1820 Seruatus
1368 1769 1511 1833 consultis,
1525 1777 1552 1820 ιι
1572 1769 1656 1840 impp.
1677 1770 1825 1842 Rescriptis

1061 1849 1155 1904 adalia
1169 1849 1297 1904 salsitatis
1310 1870 1420 1921 genera,
1434 1862 1507 1905 extra
1528 1862 1682 1906 testamenta
1701 1857 1827 1908 comunis·

1062 1955 1103 2000 sa,
1118 1947 1157 1988 est
1173 1946 1280 1988 extensa
1293 1939 1326 1989 L.
1350 1951 1390 1989 tt.
1401 1955 1443 2004 pr.
1461 1947 1488 1990 et
1500 1933 1523 2007 5.
1539 1949 1560 1988 4.
1563 1935 1605 2004 Ι
1624 1939 1655 1990 de
1662 1936 1737 2006 sals.
1749 1939 1824 1992 Zues.

1062 2015 1251 2086 contarenus.
1265 2021 1290 2074 d.
1304 2031 1323 2071 t.
1338 2041 1365 2072 n.
1381 2032 1404 2072 t.
1419 2025 1451 2074 td
1461 2021 1560 2074 issenb.
1575 2025 1610 2074 P.
1625 2033 1648 2072 2.
1663 2022 1768 2092 Disput.
1785 2037 1826 2076 st.

1063 2108 1101 2156 tt.
1116 2116 1142 2164 ι.
1154 2105 1283 2160 Luduell.
1297 2109 1452 2162 Comment.
1471 2106 1511 2162 ad
1526 2103 1549 2176 5.
1571 2118 1593 2158 4.
1613 2109 1680 2158 lust.
1693 2105 1725 2160 de
1744 2109 1826 2162 Post.

1067 2188 1133 2242 dud.
1152 2207 1180 2240 ιι.
1203 2199 1225 2240 4.
1245 2190 1308 2242 Divi
1336 2191 1444 2259 Traiani
1472 2191 1560 2260 itaque
1585 2190 1726 2262 descripto
1747 2193 1828 2245 etiam

1063 2275 1164 2326 crimen
1178 2274 1386 2328 adulterinarum
1408 2276 1572 2328 Statesarum
1585 2275 1617 2326 ad
1638 2274 1665 2326 i..
1679 2275 1828 2329 Corneliam

1063 2359 1175 2410 relatum
1191 2367 1246 2423 est,
1262 2369 1291 2412 ut
1305 2359 1340 2410 ita
1355 2360 1404 2412 iaoc
1415 2359 1517 2412 crimen
1532 2359 1611 2411 etiam
1624 2359 1740 2425 ejusdem
1753 2361 1828 2427 Legis

1063 2460 1144 2513 poena
1158 2443 1303 2510 subjectum
1319 2460 1376 2494 esse
1389 2442 1548 2495 censendum
1563 2441 1607 2494 sit.
1623 2443 1695 2494 idem
1709 2443 1742 2497 de
1756 2443 1830 2498 salsis

1065 2528 1196 2580 mensuris
1210 2528 1260 2580 ime
1278 2527 1334 2580 loco
1353 2527 1533 2594 jaulicandum,
1546 2543 1604 2578 cum
1626 2527 1654 2578 in
1672 2527 1729 2594 jure
1748 2527 1829 2581 Civili

1065 2612 1209 2683 ponderum
1228 2622 1306 2682 atque
1327 2627 1509 2664 mensurarum
1537 2609 1642 2662 [alsatio
1665 2629 1712 2682 pro
1737 2612 1830 2664 codem

1065 2697 1181 2750 crimine
1196 2706 1350 2768 reputetur,
1365 2705 1393 2748 ut
1407 2696 1442 2748 ita
1462 2695 1493 2747 ad
1507 2703 1629 2764 utrumq;
1643 2705 1743 2765 spectet
1756 2696 1827 2750 deci·

1065 2781 1105 2834 siu
1119 2784 1150 2833 l.
1163 2781 1252 2834 Hodie
1263 2801 1326 2849 pen.
1341 2777 1364 2851 5.
1382 2791 1403 2830 4.
1407 2778 1448 2849 Ι
1462 2778 1573 2848 dejicis.

1103 2864 1235 2934 Quoniam
1256 2864 1345 2934 itaque
1363 2863 1395 2914 nd
1416 2863 1512 2914 falsum
1530 2865 1642 2916 relatum
1663 2863 1713 2918 hoc
1731 2867 1832 2921 crimen
1886 2881 1900 2921 4

1065 2960 1121 3012 est,
1136 2950 1295 3012 ridendum,
1308 2965 1419 3018 quanam
1433 2965 1515 3018 poena
1529 2946 1583 3000 lex
1595 2947 1715 3002 Cornelia
1726 2962 1830 3004 contra-

1065 3034 1201 3087 venientes
1219 3043 1346 3084 coerceat.
1365 3031 1413 3082 Est
1430 3040 1516 3084 antem
1538 3031 1581 3082 illa
1601 3032 1629 3083 in
1648 3033 1768 3099 Liberis,
1788 3037 1831 3090 de·

1067 3119 1181 3189 portatio
1195 3126 1221 3168 et
1234 3115 1355 3170 omnium
1369 3113 1497 3166 marorum
1511 3113 1671 3185 pultiicatio;
1687 3117 1717 3170 ln
1732 3121 1831 3185 Servis,

1067 3204 1190 3256 ultimum
1204 3200 1360 3270 supplicium
1375 3194 1397 3269 5.
1413 3204 1479 3254 inst.
1493 3199 1526 3250 de
1540 3199 1710 3268 Putt.judtc.
1726 3205 1757 3255 L·
1776 3201 1828 3274 t.5.

1058 3288 1117 3359 fisa.
1130 3285 1171 3355 Ι.
1190 3287 1227 3338 ad
1245 3289 1277 3339 L.
1290 3284 1400 3339 Cornel.
1414 3285 1447 3338 de
1454 3282 1529 3352 fids.
1542 3283 1597 3334 Du.
1614 3283 1706 3354 Carpe.
1719 3288 1769 3338 Pr.
1787 3289 1831 3340 Cr.

1067 3377 1103 3426 P.
1118 3383 1141 3421 2.
1159 3373 1193 3439 (λ
1206 3382 1248 3422 ιι.
1261 3387 1290 3420 n.
1308 3381 1349 3422 ιι.
1365 3367 1421 3430 Ast,
1434 3368 1558 3438 quoniam
1572 3366 1641 3420 i'alsi
1655 3371 1753 3440 species
1767 3374 1834 3425 aliae

1069 3457 1129 3510 aliis
1143 3453 1287 3508 atrociores
1303 3460 1379 3516 sunt,
1392 3453 1428 3504 ita
1443 3452 1524 3503 etiam
1537 3469 1620 3522 poena
1635 3453 1711 3505 ruodo
1723 3457 1833 3522 gravior,

1071 3541 1149 3594 modo
1168 3537 1325 3600 remissior,
1343 3555 1408 3607 quae
1435 3535 1566 3588 interdum
1592 3537 1723 3588 etiamad
1742 3555 1833 3608 rogum

1072 3643 1153 3696 usqne
1171 3621 1325 3676 extenditur
1343 3637 1390 3690 per
1401 3621 1432 3673 L.
1448 3631 1472 3669 2.
1485 3619 1517 3674 C·
1528 3617 1636 3686 desal-
1650 3639 1724 3673 mon.
1745 3622 1833 3676 i’esez.

1072 3711 1135 3766 add.
1146 3720 1164 3760 t.
1176 3709 1208 3762 C.
1223 3725 1251 3757 n.
1268 3715 1291 3756 2.
1305 3703 1434 3756 Lndwell.
1448 3705 1487 3758 ad
1496 3700 1518 3774 5.
1529 3715 1552 3754 ι.
1565 3705 1673 3758 lust-de
1686 3705 1768 3758 Ptt.
1775 3707 1835 3776 jud.

1072 3799 1148 3850 Zoes.
1161 3794 1198 3847 ad
1210 3790 1237 3843 d.
1248 3801 1266 3841 t.
1271 3787 1312 3858 Ι
1325 3787 1434 3858 defuis.
1447 3808 1474 3840 n.
1494 3799 1531 3839 ta.
1545 3788 1634 3857 itaque
1653 3788 1747 3844 meiius
1759 3793 1836 3845 ouili·

1070 3883 1117 3934 bet
1129 3876 1235 3932 crimin.
1250 3871 1372 3945 specialis
1387 3891 1470 3943 poena
1484 3873 1639 3943 applicatur.

1107 3960 1199 4017 ttosm
1218 3977 1278 4028 ergo
1298 3956 1423 4011 criminis
1442 3974 1553 4027 poenam
1573 3955 1640 4026 quod
1659 3958 1770 4026 attinet,
1791 3979 1835 4014 ex·
1874 3977 1887 4016 5

1072 4050 1200 4122 primitur
1214 4063 1242 4098 ea
1255 4043 1283 4096 in
1302 4039 1326 4113 5.
1342 4052 1364 4093 t.
1378 4051 1403 4094 et
1425 4053 1448 4092 t.
1461 4040 1486 4093 d.
1507 4043 1537 4094 l.
1550 4061 1704 4097 artrtonam.
1724 4055 1749 4097 et
1765 4046 1790 4098 in
1805 4049 1835 4098 1,.

1070 4151 1134 4204 pen.
1149 4129 1172 4202 5.
1188 4139 1209 4179 t.
1213 4123 1254 4196 Ι
1269 4127 1305 4178 ad
1318 4129 1349 4178 L·
1368 4127 1453 4182 Corn.
1473 4122 1582 4194 defuis.
1602 4135 1628 4178 et
1647 4127 1839 4181 condemnatur

1072 4216 1232 4284 delinquens
1246 4211 1279 4262 ad
1295 4211 1500 4280 praestationem
1514 4209 1604 4280 dupli,
1619 4219 1643 4264 et
1659 4220 1744 4282 potest
1757 4214 1837 4268 etium

1071 4297 1230 4369 relegatione
1243 4294 1331 4366 plecti.
1346 4291 1450 4346 Cumiil.
1460 4291 1556 4345 Boreil.
1565 4293 1597 4346 de
1612 4296 1736 4364 Magistr.
1749 4299 1837 4350 Edict.

1071 4385 1090 4435 i.
1112 4395 1135 4435 s.
1155 4399 1177 4434 c.
1202 4391 1240 4430 tt.
1263 4395 1291 4428 ιι.
1315 4388 1353 4428 ιι.
1374 4377 1425 4428 Per
1437 4377 1545 4446 duplum
1566 4387 1653 4430 autem
1674 4379 1836 4448 intelligitur
1874 4395 1887 4434 ι

1071 4466 1189 4540 praecise
1204 4463 1312 4534 duplum
1335 4461 1390 4528 ejus
1404 4461 1509 4524 damni,
1523 4461 1591 4531 quod
1603 4462 1640 4514 ita
1657 4463 1770 4516 dederit.
1784 4465 1837 4516 Du.

1070 4551 1177 4604 Mevius
1196 4547 1234 4602 ati
1252 4547 1305 4600 lus
1317 4545 1416 4598 luico.
1435 4547 1472 4598 P.
1488 4554 1511 4594 4.
1524 4545 1565 4596 tit.
1589 4555 1627 4596 tt.
1641 4546 1719 4598 artic.
1736 4559 1756 4597 t.
1771 4566 1798 4598 ιι.
1814 4559 1837 4598 s.

1070 4634 1196 4688 menoch.
1217 4633 1255 4684 A.
1275 4631 1299 4682 Ι.
1323 4631 1355 4697 (l.
1366 4628 1412 4680 lib.
1433 4639 1457 4678 2.
1470 4645 1525 4680 cas.
1547 4626 1716 4680 tlt-Ludos.
1735 4629 1837 4684 Molina

1072 4719 1097 4774 d.
1114 4723 1136 4774 1.
1151 4729 1177 4772 ιι
1189 4715 1213 4769 Ι.
1234 4717 1324 4769 Truct.
1337 4723 1360 4764 2.
1379 4711 1460 4782 Disp.
1474 4722 1531 4764 tot.
1546 4731 1574 4764 n.
1591 4723 1631 4765 to.
1649 4713 1721 4782 linic
1735 4723 1836 4780 tamen,

1072 4805 1153 4875 duplo
1170 4787 1295 4873 simplum
1311 4799 1397 4850 inesse
1407 4796 1494 4850 aerior
1507 4797 1638 4851 sententia
1651 4806 1704 4864 est,
1717 4801 1739 4851 si
1754 4800 1837 4853 nimi·

1072 4906 1131 4941 sum
1150 4905 1182 4940 ex
1200 4885 1229 4938 I..
1249 4883 1370 4938 Cornelia
1388 4893 1459 4953 apat3
1475 4879 1554 4935 Aliud
1573 4884 1646 4936 enim
1665 4881 1778 4938 forsitan
1796 4885 1838 4938 di·

1072 4971 1198 5034 cendum,
1212 4968 1234 5022 si
1249 4969 1346 5039 aliquis
1359 4984 1391 5020 ex
1426 4977 1449 5018 2.
1468 4965 1492 5040 5.
1513 4978 1555 5019 22.
1559 4964 1601 5038 ff
1614 4970 1646 5022 de
1663 4969 1743 5022 Furt.
1756 4971 1838 5022 actio·

1072 5073 1134 5109 uem
1147 5053 1213 5107 iurti
1225 5053 1360 5106 intentare
1374 5053 1473 5106 mallet.

1110 5139 1161 5194 Sed
1181 5137 1257 5209 quid,
1277 5139 1300 5191 si
1318 5149 1391 5192 actor
1412 5137 1520 5189 aliunde
1538 5148 1694 5192 consecutus
1713 5141 1839 5212 simplum
1878 5155 1892 5195 t

1073 5223 1125 5290 sit,
1146 5223 1249 5276 actione
1266 5223 1389 5276 videlicet
1408 5221 1509 5295 empti,
1527 5224 1613 5294 qualis
1632 5241 1705 5276 casus
1721 5225 1749 5277 in
1765 5229 1797 5279 L.
1816 5229 1842 5280 si

1073 5307 1132 5379 quis
1147 5317 1187 5360 ιι.
1197 5305 1238 5379 Ι
1250 5306 1282 5360 tle
1300 5309 1413 5362 Action.
1427 5319 1504 5375 empt.
1522 5327 1555 5361 aaa
1570 5307 1655 5360 uttan,
1674 5325 1749 5374 agere
1762 5326 1793 5360 ex
1808 5311 1837 5362 i..

1073 5391 1194 5444 Cornelia
1214 5387 1314 5462 possiti
1328 5393 1363 5445 Et
1381 5402 1517 5462 putarem,
1532 5391 1601 5460 quod
1620 5391 1669 5450 sie;
1692 5391 1727 5442 ita
1750 5399 1838 5444 tattacu

1073 5487 1104 5530 ut
1121 5475 1262 5549 situplum,
1281 5475 1349 5548 quod
1367 5477 1472 5530 actione
1490 5475 1581 5547 Empti
1607 5481 1763 5528 consecutus
1783 5487 1840 5529 erat
