4478 6350
352 468 404 520 215
712 464 761 518 DE
780 464 939 518 metu·
961 462 1136 522 elucuuts
1157 461 1207 516 AD
1226 461 1437 518 CESTOlebl
1748 472 1800 525 216

278 564 410 636 Principi
417 564 469 636 jas
487 563 557 620 illud
572 562 710 634 competit.
729 583 757 616 n.
778 575 802 614 s.
1100 561 1181 615 modo
1200 579 1312 632 poenam
1332 560 1447 630 effugere
1473 571 1499 615 cl
1517 563 1623 618 eludere
1641 576 1764 637 possent,
1782 578 1812 621 ut
1831 569 1868 624 its

278 653 405 720 Magum
423 661 532 720 temper
544 649 636 704 delicti
646 647 786 702 commimi
798 666 855 702 non
871 648 970 702 usionis
981 665 1047 718 poe·
1099 647 1222 700 executio
1242 646 1399 722 dententiuc
1418 647 1496 718 plane
1520 647 1599 702 irrita
1621 646 1683 714 fiat,
1702 670 1761 704 cnm
1782 662 1870 706 tamen

311 752 388 788 num.
407 753 435 786 ιι.
456 745 481 786 s.
1095 730 1167 782 nihil
1185 730 1269 799 magis
1289 731 1413 802 lleipubl·
1431 732 1554 796 intersit,
1566 751 1645 804 quam
1660 747 1749 792 sontes
1767 755 1868 808 poenas

278 819 396 874 Debitor
412 818 601 872 incarceratus
620 816 731 889 quondo
748 817 900 872 liberetur?
917 838 945 872 ιι.
968 827 1009 868 ιο.
1094 813 1254 884 promeritas
1273 812 1378 884 publice
1396 814 1469 868 luere
1487 814 1505 866 l.
1518 815 1559 870 ita
1572 819 1741 873 vulneratus·
1755 819 1779 892 5.
1792 825 1869 893 meod

277 907 325 956 An
344 900 452 957 debitor
465 917 496 954 se
508 901 547 955 ad
558 919 693 956 carcerem
709 901 944 972 obligarepossit?
957 921 986 954 n.
1003 907 1041 952 tt.
1094 898 1120 950 si
1137 899 1206 971 quis.
1216 895 1258 966 ff.
1277 899 1317 952 ad
1333 902 1365 956 L.
1385 900 1480 973 Aquil.
1502 901 1555 956 Sed
1567 903 1648 958 bodie
1659 906 1722 960 haee
1742 907 1868 962 diuturne

277 989 418 1056 Quantum
436 984 543 1040 debitor
558 985 679 1040 taedium
698 987 816 1042 carceris
832 983 991 1042 sustinendo
1010 986 1043 1038 de
1093 982 1213 1037 detentio
1233 993 1273 1036 est
1299 983 1540 1054 frequentissime,
1560 989 1590 1042 in
1614 1007 1664 1059 qua
1689 991 1756 1062 prob
1775 992 1863 1048 delur!

312 1071 399 1124 dedito
419 1069 548 1124 ntinaot?
567 1090 596 1123 ιι.
619 1082 659 1124 ιι.
1094 1068 1185 1120 miseri
1206 1067 1246 1120 illi
1261 1069 1356 1139 captivi
1376 1069 1451 1139 prius
1465 1083 1632 1124 macerantur
1643 1084 1672 1126 et
1685 1085 1862 1142 marcescunt,

280 1154 375 1208 Jmiee
392 1155 492 1226 injuste
510 1173 657 1210 carcerans
675 1154 788 1229 ailquid
798 1157 945 1210 teneatur?
958 1173 985 1206 n.
1003 1164 1041 1205 ts.
1093 1159 1181 1220 postca
1199 1167 1259 1204 reto
1273 1169 1385 1222 puenam
1404 1153 1540 1207 commissi
1562 1155 1654 1208 delicti
1674 1157 1702 1210 in
1723 1157 1784 1212 illos
1802 1179 1863 1216 exe.

280 1239 352 1307 (laid
360 1237 425 1308 jure
443 1239 585 1294 saxonico
605 1239 745 1294 obtineat?
764 1261 792 1294 ιι.
816 1251 855 1294 ιι.
1091 1245 1221 1305 quuutur‚
1243 1252 1303 1288 cum
1324 1247 1413 1290 tamcu
1434 1237 1463 1290 iu
1481 1237 1568 1291 causis
1588 1239 1784 1298 miserabilium
1804 1265 1864 1317 per-

276 1323 406 1376 Prirotas
431 1321 533 1392 injuste
557 1325 672 1378 alterum
696 1324 865 1378 incarcerari
880 1324 981 1394 jubear
1005 1321 1044 1376 ad
1092 1334 1214 1370 sonarum
1234 1320 1381 1374 summarie
1400 1321 1438 1373 sit
1455 1320 1660 1391 procedendum.
1675 1323 1750 1378 Bart.
1762 1328 1780 1378 l.
1800 1339 1820 1378 t.
1828 1328 1860 1398 fi

312 1405 377 1478 quid
394 1405 421 1460 ei
436 1405 590 1475 obligetur?
608 1427 636 1460 ιι.
658 1419 699 1460 ts.
1092 1402 1126 1456 de
1142 1404 1256 1458 cnstoct
1276 1410 1360 1460 Reor.

278 1491 373 1544 ludere
392 1506 479 1545 cause
498 1491 609 1562 cognita
627 1503 794 1548 carceratam
813 1513 869 1548 non
889 1495 965 1548 debet
982 1493 1039 1548 dia·
1061 1537 1062 1546 ,
1126 1491 1198 1543 llaec
1215 1507 1274 1542 cum
1294 1491 1331 1544 ita
1346 1491 1417 1556 sint,
1431 1492 1529 1546 merito
1542 1492 1683 1550 diuturnae
1696 1495 1743 1549 isti
1763 1497 1856 1554 deten-

312 1575 366 1628 iius
382 1574 517 1638 &linem
536 1575 671 1632 Imitatur
683 1577 773 1648 primo
792 1579 820 1632 in
839 1589 978 1633 cap-cerato
992 1595 1039 1648 (rp-
1091 1570 1159 1622 iloni
1186 1571 1255 1626 httttc
1281 1572 1403 1626 ellectum
1429 1575 1518 1645 primo
1547 1577 1705 1632 tribuemus·
1724 1581 1801 1648 Quod
1822 1599 1857 1634 10.

317 1658 450 1728 pellente·
468 1679 496 1714 ιι.
518 1673 558 1714 tc.
1089 1655 1194 1720 mitiget
1214 1657 1327 1710 Poenam
1346 1669 1435 1729 postca
1454 1659 1629 1728 irrogandam.
1648 1662 1714 1716 Nam
1735 1668 1855 1734 quamvis

274 1743 383 1798 Made
409 1741 547 1798 timim
563 1745 603 1803 jn
635 1755 776 1800 emme.
808 1747 1039 1802 recommendare
1090 1737 1218 1792 Custodie
1239 1740 1276 1791 sit
1294 1743 1433 1812 praecipua
1455 1743 1575 1797 Carceris
1593 1749 1777 1802 ratio:tcmen
1796 1752 1859 1805 baec

315 1845 344 1878 ιι.
368 1838 407 1880 ιι.
1089 1821 1223 1886 custodia,
1242 1822 1303 1892 quia
1322 1827 1456 1880 interdum
1479 1828 1606 1882 diuturna
1626 1839 1682 1894 est,
1696 1850 1749 1885 nun
1769 1846 1857 1906 potest

277 1911 328 1962 An
347 1911 381 1962 ob
401 1929 486 1966 antem
505 1913 630 1966 delictum
644 1923 873 1981 carcer·atus,pro
886 1911 944 1966 alio
956 1909 1041 1980 possit
1089 1917 1147 1956 ²⁵³0
1167 1904 1226 1956 siue
1245 1925 1326 1976 P00¹¹³
1345 1910 1529 1982 &iiquflsqffle
1547 1911 1682 1982 ingenim
1702 1917 1855 1988 micerium,

312 1997 550 2050 recommendas&
568 2016 596 2048 η,
618 2009 647 2049 ts
1090 1989 1216 2057 pedorem
1236 2001 1264 2042 ιι
1281 1994 1422 2062 penuriam
1442 1997 1609 2065 conjunctam
1629 1997 1708 2052 babet
1726 2001 1800 2054 Les.
1815 2025 1857 2075 pr.

281 2078 353 2148 Quid
370 2079 409 2132 ad
424 2082 719 2136 recommendationem
738 2082 914 2156 requiratur?
931 2102 958 2136 ιι.
982 2095 1022 2137 ιι.
1078 2071 1121 2140 ffi
1139 2073 1174 2124 d‘
1189 2091 1271 2141 ΡΜ·
1292 2076 1370 2144 ρῦὓᾱ
1389 2079 1470 2132 ‘lim
1496 2080 1581 2132 duffii
1602 2083 1714 2152 (tumim
1732 2093 1855 2161 exctttplo

275 2163 379 2218 carcer
393 2174 523 2234 operatur
533 2165 638 2236 justum
657 2176 768 2220 megum,
786 2185 814 2218 η,
836 2175 878 2218 20,
1089 2157 1221 2211 deciutunl
1236 2159 1409 2232 impemiom
1427 2164 1566 2217 Honorati
1584 2167 1714 2222 Theotimo
1728 2173 1757 2224 in
1771 2175 1789 2225 i·
1811 2188 1852 2226 tt.

274 2246 354 2301 June
370 2259 525 2302 carceratus
541 2251 703 2304 contradere
718 2259 815 2320 potest.
834 2269 862 2303 ιι.
885 2260 925 2301 ιι.
1088 2245 1121 2299 C·
1146 2245 1178 2298 de
1199 2263 1283 2314 poen.
1307 2245 1441 2302 diceutes:
1469 2251 1600 2322 Tempus,
1628 2271 1680 2323 quo
1706 2257 1765 2325 quis
1792 2271 1853 2332 post

276 2333 326 2383 ,tn
344 2331 378 2386 od
396 2333 515 2402 capitale
532 2334 642 2388 Crimen
662 2345 816 2388 carceratus
827 2333 914 2403 possit
926 2343 1036 2388 contro·
1088 2327 1284 2383 damnationem
1304 2332 1454 2388 inexilium
1469 2333 1593 2390 detentus
1604 2338 1633 2389 iu
1645 2355 1768 2407 carcere,
1782 2361 1853 2398 com·

311 2416 374 2470 ltere
390 2427 416 2470 et
432 2415 465 2471 de
483 2416 563 2470 donis
580 2418 638 2472 sues
655 2419 821 2488 dr'sponere?
840 2437 868 2470 ιι.
888 2429 930 2468 ιι.
1086 2425 1193 2485 putatur
1211 2416 1240 2469 iu
1260 2417 1437 2474 minutionem
1455 2438 1553 2491 poenae
1565 2422 1658 2490 exilii,
1673 2437 1698 2478 et
1710 2425 1733 2481 si
1747 2429 1775 2480 in
1793 2447 1851 2482 car-

273 2503 321 2554 An
340 2511 420 2553 cetra
436 2502 563 2555 delictam
580 2502 673 2556 laesae
688 2502 843 2574 Maiestatis
860 2499 1033 2574 Confiscutio
1086 2517 1155 2564 cere,
1174 2501 1256 2555 exilio
1280 2503 1435 2574 deputatum
1460 2516 1576 2578 tempus
1599 2509 1710 2562 omnino
1737 2510 1803 2565 iurit
1820 2515 1855 2566 la·

307 2584 385 2638 bodie
401 2585 439 2639 sit
453 2585 586 2640 sublata?
603 2605 631 2638 n.
653 2599 694 2640 ιι.
1085 2601 1179 2655 psum,
1199 2587 1258 2639 llEl
1278 2589 1358 2642 etiam
1378 2605 1485 2660 pmssus
1504 2591 1537 2644 ab
1555 2610 1586 2646 eo
1604 2591 1767 2660 liberantur3
1786 2597 1852 2650 sutis

273 2671 323 2720 Aa
348 2667 505 2739 capitaliter
525 2669 675 2724 damnatus
697 2671 840 2732 debonis
862 2671 921 2726 suis
941 2671 1039 2727 testari
1084 2672 1157 2724 eslim
1181 2691 1239 2726 esse
1266 2671 1346 2726 debet
1370 2674 1560 2728 immensorum
1588 2679 1750 2732 crucietuum
1772 2683 1854 2734 semel

308 2753 421 2821 possit?
439 2773 468 2806 ιι.
488 2763 532 2804 ιι.
1089 2754 1180 2808 tulisse
1197 2757 1342 2827 supplicia,
1355 2777 1388 2811 ne
1408 2760 1445 2823 ii,
1460 2761 1506 2828 qui
1520 2760 1566 2812 diu
1580 2761 1622 2830 pri
1643 2761 1680 2814 ati
1699 2772 1853 2818 suntuurae

272 2842 321 2892 An
340 2839 498 2910 capitaliter
505 2840 636 2897 damnato
655 2842 768 2916 cognati
783 2843 929 2898 succedant
947 2845 981 2900 ad
995 2845 1025 2898 in
1084 2840 1238 2896 cummunis
1259 2843 1353 2894 haustu
1367 2852 1395 2895 et
1407 2845 1473 2896 lucis
1491 2853 1609 2915 aspectu,
1623 2862 1676 2898 nou
1691 2846 1762 2898 intra
1774 2849 1854 2903 breve

307 2925 427 2978 testato?
446 2943 474 2980 n.
494 2938 536 2980 ιι.
1087 2932 1191 2994 tempus
1203 2932 1354 2976 catenarum
1369 2926 1532 2996 ponderibus
1545 2929 1717 2998 praegravati,
1731 2929 1812 2984 etium
1824 2953 1855 2986 e·

272 3008 323 3062 Ad
344 3020 490 3080 perpetuos
511 3012 642 3068 Canem
664 3013 813 3068 damnatus
833 3013 915 3070 haber
944 3013 1036 3068 Testa.
1085 3007 1147 3059 xitii
1160 3027 1270 3080 poenm
1285 3009 1380 3062 iterum
1393 3009 1524 3064 sustinere
1543 3013 1743 3082 compellantur.
1757 3015 1787 3067 Si
1805 3017 1853 3068 ita-

309 3091 570 3162 mentisaesiomm.
591 3115 618 3149 η,
640 3109 682 3151 ιι,
1086 3109 1138 3160 quc
1149 3091 1312 3146 diuturnitas
1324 3093 1489 3146 uinculorum
1511 3113 1619 3165 poenum
1635 3096 1742 3166 mitiget
1761 3100 1852 3166 exilii,

275 3179 329 3247 Qui
344 3179 521 3234 carceratum
539 3181 616 3236 alm
632 3181 769 3254 oblegam-
780 3184 837 3238 sir?
855 3204 883 3238 η.
905 3195 945 3238 2¹1,
1087 3176 1158 3229 nulla
1178 3185 1219 3228 est
1237 3191 1327 3241 causa,
1344 3195 1391 3230 cur
1410 3195 1464 3232 nou
1482 3179 1560 3232 uliam
1580 3181 1661 3233 etiam
1680 3199 1790 3253 poenm
1805 3185 1855 3237 mi·

1088 3269 1155 3312 auat
1172 3259 1272 3312 Esccll.
1293 3262 1328 3312 l).
1344 3259 1546 3316 Bruunemaun.
1572 3266 1611 3319 cel
1627 3265 1653 3318 d.
1672 3266 1690 3318 l.
1712 3277 1753 3319 ιι.
1773 3269 1805 3323 C.
1824 3271 1856 3322 de

273 3289 373 3398 Nunc
390 3345 422 3398 ad
440 3356 564 3417 quartum
584 3361 660 3421 caput
683 3353 868 3422 pervenientes
887 3349 1034 3404 considera·
1083 3361 1166 3415 poen·

273 3429 362 3483 bimus
381 3429 506 3484 ellectum
519 3432 598 3502 hujus
611 3434 785 3488 caccerini]
798 3445 889 3488 notum
901 3444 954 3499 est,
967 3433 1035 3502 quod
1120 3427 1181 3482 Non
1201 3429 1274 3482 euim
1293 3445 1355 3482 sero
1375 3447 1487 3500 poenam
1507 3431 1670 3488 diuturnitas
1690 3435 1855 3493 uinculorum

272 3517 318 3586 qni
337 3517 408 3584 juste
426 3518 560 3571 cristodiae
578 3529 606 3572 ιι
622 3521 721 3576 carceri
741 3523 854 3576 traditus
871 3537 924 3574 nou
944 3517 1036 3572 debeat
1087 3513 1211 3582 mitigat,
1231 3513 1277 3566 sed
1296 3522 1400 3566 tantum
1428 3515 1600 3580 arbitrariae,
1621 3527 1647 3570 et
1664 3539 1731 3590 quea
1754 3522 1857 3578 iudicis

273 3600 302 3650 in
321 3617 352 3652 eo
365 3600 491 3655 diuturna
511 3601 666 3658 detentione
678 3605 820 3668 macerari,
833 3602 879 3656 sed
892 3604 948 3672 ejus
959 3617 1036 3654 causa
1085 3597 1259 3668 dispositioni
1277 3597 1399 3662 relictae,
1421 3616 1476 3651 non
1494 3597 1582 3670 itaque
1599 3601 1672 3667 illas,
1686 3623 1750 3674 quus
1767 3608 1855 3678 ipsum

270 3685 370 3738 cursim
388 3685 564 3756 expedienda,
583 3688 602 3739 l.
626 3690 659 3743 de
678 3689 728 3742 leis.
755 3701 779 3740 ι.
802 3691 835 3744 C.
854 3689 886 3741 de
909 3689 1017 3742 Castori·
1085 3682 1127 3750 jus
1146 3681 1266 3735 ditinum
1286 3681 1456 3752 issflissilruli
1475 3685 1781 3756 mouestamtg.rcru,
1802 3691 1855 3744 Dn.

272 3777 354 3826 lleor.
373 3771 463 3840 inqua
475 3771 541 3840 lege
552 3774 726 3839 rescribitur,
739 3773 892 3828 Corccratos
912 3773 1037 3826 diuturna
1087 3765 1190 3820 Btdnn·
1208 3767 1235 3820 d·
1258 3768 1276 3819 1·

273 3853 428 3906 detentione
445 3855 614 3910 macerandos
632 3873 685 3910 non
705 3859 835 3924 csse,sed
852 3857 1035 3911 eosdcmcon-
1122 3851 1233 3904 Constat
1250 3849 1323 3902 enim
1350 3867 1461 3922 poenam
1487 3869 1500 3904 a
1526 3853 1597 3906 DEO
1624 3853 1749 3907 dictatam
1776 3875 1855 3914 nece

271 3938 355 3990 victos
372 3937 520 3992 subducere
535 3938 631 3993 debere
649 3941 762 3994 velocem
778 3942 973 4014 poenamAEtt.
996 3955 1035 3995 tu·
1087 3935 1199 3988 Summe
1220 3933 1345 4006 Principe
1366 3935 1422 3988 tolli
1444 3955 1536 4008 passer
1556 3939 1723 4008 Aspiciamus
1750 3952 1854 3997 tantum

275 4024 305 4075 C.
326 4021 359 4076 rie
373 4041 455 4094 poen.
467 4009 612 4090 similiter,
626 4024 674 4077 hec
691 4027 795 4080 ratione
812 4027 918 4090 addita,
933 4044 968 4078 ne
980 4043 1037 4078 sen·
1086 4021 1225 4088 capitalem
1242 4019 1313 4074 illam
1327 4037 1452 4090 poenam,
1465 4041 1530 4090 quae
1544 4023 1694 4077 homicidae
1707 4027 1855 4082 voluntaria

273 4107 357 4160 tentia
376 4105 595 4162 condemnatoria
614 4109 642 4160 ia
664 4111 748 4163 lleum
767 4109 918 4162 ootrlessum
937 4119 963 4161 ιι
974 4126 1036 4161 con·
1086 4125 1101 4158 a
1123 4104 1193 4157 Ι)Εο
1204 4105 1363 4169 constituta,
1378 4107 1541 4178 reperiemus
1555 4123 1617 4161 saue
1630 4109 1703 4162 illam
1718 4133 1731 4163 a
1745 4115 1855 4168 saturno

269 4192 368 4244 rictum
389 4193 441 4244 lata
459 4190 610 4260 differatur,
628 4193 792 4266 prohibetur.
810 4195 865 4247 Nec
881 4192 931 4248 hoe
948 4209 1035 4246 esser·
1088 4188 1215 4260 Principe
1235 4205 1288 4240 non
1307 4206 1386 4258 posse
1412 4190 1530 4260 mitigari
1553 4194 1638 4245 m'ulto
1665 4195 1754 4249 minus
1783 4199 1855 4264 tolli,

268 4287 326 4330 rum
346 4276 524 4332 taruanensis
544 4289 572 4334 ιι
596 4280 746 4335 rationibus
764 4278 933 4334 destruitur.
953 4277 1035 4333 uatis
1087 4271 1137 4326 hoc
1150 4289 1261 4342 namque
1273 4271 1398 4326 delictum
1420 4283 1577 4328 remeavere
1596 4277 1662 4346 tege
1684 4277 1781 4331 Divina
1796 4297 1857 4351 pro-

268 4365 342 4416 enim
360 4363 439 4431 bujue
463 4363 550 4435 prime
575 4365 640 4420 baec
657 4383 714 4420 esee
737 4375 839 4438 potest2
858 4364 899 4416 Ne
924 4363 1036 4432 career,
1087 4357 1221 4424 bibitum,
1244 4368 1273 4412 et
1296 4357 1360 4411 baec
1383 4360 1461 4413 unica
1491 4361 1653 4432 expiationis
1683 4361 1782 4424 forma,
1806 4383 1857 4432 qua

270 4448 314 4518 qui
334 4447 367 4501 ad
385 4447 539 4502 Custodiam
558 4461 680 4521 repertus
696 4451 818 4504 obillusu
838 4447 1035 4503 diuturniorem
1087 4444 1191 4497 scilicet
1223 4443 1330 4513 sanguis
1354 4443 1443 4510 illius,
1462 4445 1509 4515 qui
1529 4446 1684 4514 sanguinem
1718 4445 1854 4514 proludit,

268 4531 450 4584 detentionem
469 4536 499 4588 iu
517 4537 663 4590 cruciatum
677 4547 826 4608 etpoeuem
839 4534 932 4600 abest,
943 4545 1035 4589 contra
1085 4546 1190 4583 rursum
1209 4545 1257 4601 per
1277 4528 1411 4582 bominem
1430 4527 1506 4580 lundi
1521 4529 1641 4597 jubetur,
1655 4537 1696 4579 est
1714 4543 1849 4596 expressa.

268 4613 291 4666 1.
310 4611 333 4685 5.
355 4612 424 4686 effi
444 4618 478 4672 de
495 4637 579 4690 poen.
593 4621 698 4674 Deinde
711 4620 813 4674 ethaec
830 4621 932 4674 accedit
949 4611 1034 4674 retib:
1086 4617 1165 4669 Nam.
1188 4613 1348 4666 inmerito
1374 4631 1436 4680 erpo
1457 4611 1585 4683 Princeps
1608 4613 1642 4666 ab
1662 4614 1721 4677 bec,
1741 4616 1854 4684 gratiam

266 4699 307 4756 Ne
327 4702 482 4758 immodicis
500 4705 651 4776 numptihm
669 4707 698 4758 in
717 4707 919 4761 'agimundum
945 4715 973 4759 et
989 4723 1034 4759 ou.
1085 4699 1214 4770 ejusmodi
1226 4697 1369 4752 homicidi!
1384 4697 1512 4761 faciendi,
1526 4707 1659 4770 poledittie
1673 4718 1700 4754 Se
1714 4699 1852 4756 abstinete

267 4787 437 4842 stodieudum
451 4788 552 4844 Ruunt
566 4790 698 4862 captivum
712 4791 852 4862 erogandis
860 4791 1034 4861 Magistratus
1084 4783 1208 4848 deberet,
1221 4799 1255 4835 ne
1270 4793 1400 4853 tamquam
1419 4781 1533 4837 inferior
1552 4783 1604 4836 sibi
1624 4801 1746 4854 arrogare
1764 4784 1853 4838 ridea-
1892 4863 1896 4870 ι

271 4871 373 4924 diutim
386 4882 523 4942 gemam,
535 4873 582 4928 ,ed
592 4873 627 4928 ab
645 4875 704 4940 ιώ,
718 4892 767 4928 „00
785 4894 838 4929 nou
857 4876 918 4929 2111,
935 4875 1034 4928 inm.
1085 4879 1128 4922 tur
1144 4872 1194 4923 Jus
1205 4867 1316 4921 tollendi
1330 4876 1358 4920 et
1369 4869 1490 4922 mutandi
1509 4869 1654 4941 superioris
1666 4871 1727 4923 lllil
1742 4871 1851 4941 legem.

266 4957 367 5021 modis,
387 4975 454 5028 quac
479 4969 616 5031 praeterea
641 4961 748 5014 evenire
770 4962 870 5027 solent,
897 4959 1033 5013 liberetur.
1083 4953 1142 5009 Nisi
1162 4955 1226 5006 tales
1245 4952 1461 5008 circumstantiae
1479 4966 1651 5019 concurrant,
1679 4975 1747 5026 quae
1765 4957 1852 5008 delin-

269 5043 391 5112 Deniqne
403 5058 452 5096 nee
470 5043 533 5098 hm
552 5044 621 5098 ntia
639 5045 783 5100 minimum
800 5045 972 5108 „definite
985 5062 1033 5116 per
1083 5038 1191 5108 quentis
1207 5037 1396 5092 relaxationem
1416 5041 1526 5094 suadere
1545 5041 1656 5111 possint.
1675 5045 1709 5099 C.
1727 5061 1788 5097 cnm
1810 5045 1852 5096 ia·

272 5126 337 5178 illud
356 5127 472 5198 spatium
492 5127 656 5183 differendae
669 5130 832 5184 executionis
849 5129 1033 5184 condemnatis
1072 5123 1179 5193 serior.
1200 5135 1241 5178 ιι.
1254 5123 1286 5176 Χ.
1306 5123 1339 5177 de
1359 5124 1460 5195 Major.
1480 5136 1506 5179 et
1527 5125 1611 5182 Obed·
1623 5137 1650 5182 et
1667 5147 1725 5200 cap.
1745 5127 1853 5184 literas

266 5213 446 5279 occasionem,
465 5212 534 5266 riam
553 5223 580 5268 et
596 5215 728 5268 sotionem
746 5213 891 5286 quaerendi
904 5213 1030 5286 ctadipi-
1083 5222 1153 5266 tuns.
1177 5223 1216 5263 te.
1236 5209 1268 5264 de
1287 5211 1383 5265 Hectit.
1400 5212 1527 5284 spogliat.

269 5299 357 5352 scendi
377 5315 453 5350 cansa
472 5299 647 5371 praebeatur,
665 5318 715 5370 qua
732 5302 771 5353 sel
791 5299 850 5370 lisga
869 5307 973 5370 erepte,
993 5300 1032 5351 sel
1119 5298 1218 5348 Verum
1238 5295 1572 5350 budiedeCousuetudine
1589 5297 1662 5351 aliud
1684 5297 1852 5361 observetur,
1891 5311 1904 5352 s

268 5383 372 5439 cuncto
393 5385 504 5438 carcere
522 5387 562 5438 rel
581 5397 668 5440 morte
685 5385 910 5440 siclentuadscita
927 5385 1033 5456 alioque
1082 5391 1108 5435 et
1126 5381 1259 5436 absolutae
1277 5383 1402 5455 potestati
1424 5382 1568 5448 tribuitur,
1583 5381 1781 5434 immunitatem
1802 5381 1847 5434 de·
