4478 6350
349 520 401 576 att
928 519 1216 582 PROOEMIO
1737 522 1790 589 afli
1873 521 1875 527 ⁴

277 619 378 688 ritate
402 635 435 686 et
457 617 601 687 candore
625 619 755 712 ubique
779 629 943 688 terrarum
967 617 1120 712 explosis,
1136 613 1285 682 ludibrio
1302 613 1437 697 habitis,
1454 613 1553 682 exilio
1568 611 1744 684 damnatis.
1761 615 1863 684 Sum·

278 731 411 802 mopere
434 709 552 801 itaque
575 712 794 780 necessarium
819 709 914 795 soret,
939 723 977 778 ut
1001 709 1151 804 pensiore
1174 706 1294 799 judicii
1318 706 1484 773 trutinent
1500 707 1594 774 lance
1608 723 1862 800 atroxacgrate

278 801 350 884 lroc,
375 799 428 865 uti
453 799 544 868 lraud
568 805 768 870 immeritae
788 802 854 869 Dn.
873 802 1051 870 Benedicto
1069 797 1254 904 Carpzovio
1269 799 1538 890 memoriaejom
1554 795 1673 866 beatae
1688 803 1726 866 in
1741 799 1860 869 Proet-

283 892 393 961 Crim.
420 890 531 961 Part.
560 921 588 960 a.
612 919 666 986 qu.
692 893 747 984 93.
771 919 808 960 ιι.
837 918 867 960 a.
892 895 1091 986 appellatur,
1107 913 1245 972 crimen,
1268 913 1338 982 quo
1360 889 1493 971 scirent,
1510 888 1631 956 falsum
1646 912 1715 956 non
1730 903 1862 959 tantum

278 1007 347 1049 esse
370 997 482 1049 contra
506 989 560 1078 jus
583 987 757 1066 naturale,
781 987 954 1078 gentium,
978 998 1011 1050 et
1034 980 1148 1070 civile,
1172 978 1304 1068 sedet,
1327 979 1408 1074 quia
1431 979 1525 1048 Dens
1556 978 1723 1048 Dominus
1749 995 1861 1050 noster

278 1071 403 1142 ‘fallacis
425 1097 501 1140 osor
523 1101 560 1145 ac
583 1101 673 1145 rosor
694 1077 861 1146 Proverb.
890 1075 1021 1144 salom.
1046 1099 1077 1142 c.
1102 1073 1134 1140 6.
1157 1097 1195 1139 ιι.
1227 1095 1279 1161 ¹9·
1303 1086 1415 1140 contra
1439 1073 1549 1162 ipsum
1572 1095 1709 1165 quoque
1733 1074 1784 1141 'us
1807 1073 1862 1140 di·

278 1167 408 1231 vinum.
433 1162 583 1236 lllenocb.
607 1169 651 1234 de
674 1168 859 1238 Arbitror.
882 1167 965 1234 Jud.
988 1181 1117 1262 quaest.
1140 1187 1208 1232 cas.
1236 1162 1309 1230 308.
1334 1189 1368 1230 n.
1392 1160 1426 1250 4.
1451 1163 1541 1230 Hinc
1562 1186 1605 1228 ex
1628 1163 1699 1256 lege
1722 1098 1862 1233 bocaico

280 1255 510 1348 puniebantur
532 1258 603 1326 salsi
630 1273 728 1328 testes
750 1284 787 1328 ea
811 1283 929 1354 poena,
952 1283 1020 1353 qna
1045 1255 1239 1350 puniendus
1253 1267 1323 1322 erat
1338 1255 1378 1338 is,
1393 1271 1504 1320 contra
1521 1277 1625 1346 quem
1648 1253 1863 1346 proferebant

279 1347 535 1430 testimonium,
562 1350 697 1444 Joseph.
721 1351 745 1420 l.
772 1350 805 1436 [ι.
830 1358 939 1444 antiq.
963 1375 993 1417 c.
1018 1349 1052 1418 6.
1078 1349 1185 1416 Deut.
1209 1369 1238 1412 c.
1267 1369 1318 1434 ¹9³
1348 1342 1451 1437 Apud
1478 1345 1645 1412 Romanos
1673 1369 1772 1429 vero,
1822 1349 1861 1416 ui

280 1437 399 1504 salsum
424 1437 574 1523 dixisset,
598 1465 637 1508 ex
660 1465 737 1512 saxo
759 1443 906 1550 Tarpcjo
928 1441 1156 1535 dejiciebatur.
1171 1436 1262 1507 Gell.
1287 1436 1314 1505 l.
1344 1458 1390 1502 ιο.
1413 1453 1504 1502 noct.
1524 1435 1642 1504 Attio.
1666 1460 1697 1504 a.
1727 1465 1757 1504 r.
1782 1373 1861 1507 liel-

277 1551 351 1594 sum
377 1549 456 1594 vero
479 1553 546 1596 non
570 1531 675 1598 solnm
699 1533 840 1602 dicendo
863 1535 983 1602 lalsum
1011 1529 1243 1600 testimonium
1268 1527 1509 1612 committitur,
1529 1524 1587 1594 sed
1609 1527 1726 1596 multis
1754 1529 1864 1598 adbuc

280 1617 354 1684 aliis
377 1617 494 1706 modis,
517 1645 601 1713 quos
623 1647 737 1691 omnes
759 1639 928 1692 recensere
951 1626 1052 1692 breve
1071 1622 1228 1712 temporis
1247 1619 1390 1709 spatium
1415 1641 1482 1684 non
1508 1618 1685 1708 permittit,
1700 1645 1802 1712 quam
1817 1617 1883 1688 ob'

277 1731 410 1774 causam
434 1710 560 1778 silentii
584 1737 728 1806 supparo
751 1729 784 1783 et
807 1717 930 1807 sipario
953 1713 1083 1782 eosdem
1101 1711 1286 1793 involvam,
1310 1709 1362 1776 De
1385 1710 1486 1776 unico
1509 1725 1637 1776 tanttnn
1655 1710 1690 1774 in
1708 1733 1863 1801 praesen-

279 1799 405 1865 tiarum
429 1801 511 1868 milri
530 1804 594 1870 erit
609 1830 727 1888 sermo,
742 1807 835 1899 quod
850 1809 917 1874 scil.
936 1803 1082 1874 radendo
1097 1803 1133 1868 fit
1150 1801 1186 1866 in
1202 1799 1375 1890 scripturis
1397 1812 1431 1866 et
1454 1801 1696 1867 instrumentis.
1716 1801 1759 1867 Et
1777 1803 1863 1874 bano

278 1891 461 1974 materiam,
485 1917 560 1958 cum
586 1894 755 1964 haererem
780 1899 816 1962 in
841 1896 993 1964 elioenda
1017 1896 1146 1986 aliqua,
1170 1915 1271 1983 quam
1297 1891 1430 1982 publice
1453 1891 1668 1972 ventilarem,
1692 1903 1725 1958 et
1748 1893 1862 1960 erudi-

277 1997 386 2046 torum
404 2005 602 2073 exponerem
627 1985 868 2079 disquisitioni,
886 1953 947 2055 ieci
963 2011 1082 2072 meam,
1106 2007 1192 2077 quae
1215 1983 1371 2074 quamvis
1395 1981 1471 2048 satis
1494 1981 1590 2047 utilis
1612 1993 1646 2048 et
1671 1981 1861 2076 frequentia

277 2095 335 2137 sna
361 2073 398 2136 in
424 2072 493 2137 loro
518 2077 662 2142 inaximo
685 2079 978 2158 commendabilia,
1003 2101 1072 2144 rara
1099 2089 1227 2154 tamen,
1250 2071 1444 2165 altiorisque
1469 2071 1635 2162 indaginis
1657 2085 1761 2166 atquc
1782 2100 1862 2144 con-

277 2160 497 2246 siderationis,
520 2165 613 2256 quod
638 2192 747 2250 uerno,
772 2170 839 2236 nisi
862 2171 923 2262 qui
947 2168 1122 2260 peregrino
1146 2182 1255 2230 nostro
1279 2162 1314 2230 in
1339 2168 1414 2258 jure
1429 2161 1538 2231 adbuc
1554 2167 1578 2229 it
1594 2159 1690 2253 pede,
1713 2169 1861 2258 negabit,

276 2250 371 2338 adeo,
394 2270 443 2334 ut,
466 2274 629 2346 qnantum
656 2258 737 2326 mibi
761 2274 896 2341 constat,
920 2259 1104 2325 methodica
1135 2255 1308 2346 bucusque
1324 2278 1389 2319 non
1407 2255 1450 2319 sit
1467 2267 1610 2324 tractata.
1628 2253 1753 2320 Verum
1769 2260 1862 2327 enim

276 2365 355 2408 vero
379 2343 504 2436 prolixa
522 2346 623 2440 hujus
648 2350 806 2418 materiae
822 2351 1065 2444 praedicatione
1081 2348 1207 2414 nemini
1227 2370 1284 2410 ero
1298 2344 1467 2428 molestus,
1484 2345 1552 2436 ipsa
1568 2366 1637 2410 sose
1650 2347 1726 2412 satis
1747 2372 1863 2440 supar-

276 2457 346 2524 que
377 2437 643 2523 commendabit,
672 2463 782 2535 neque
805 2445 884 2510 vino
909 2439 1090 2520 vendibili,
1115 2451 1155 2504 ut
1178 2437 1284 2503 solent
1307 2435 1423 2529 loqui,
1447 2457 1604 2528 suspensa
1636 2433 1755 2504 beders
1778 2463 1864 2530 opus

276 2541 335 2591 est.
362 2525 481 2619 ltaque
504 2528 632 2622 absque
654 2529 730 2606 ulla¹
746 2532 898 2600 ulteriori
924 2530 1101 2600 verborum
1126 2529 1263 2618 ambage
1286 2525 1391 2681 ipsam
1422 2552 1514 2612 rem,
1543 2538 1709 2620 qnantum
1734 2529 1864 2623 ingenii

276 2619 342 2683 mei
366 2617 522 2684 concedet
546 2621 703 2702 tenuitas,
718 2623 902 2716 aggredior,
918 2645 1059 2714 eamque
1076 2619 1111 2684 in
1128 2631 1274 2712 quatuor
1321 2619 1477 2708 ispescere
1493 2639 1592 2684 conor
1606 2618 1762 2708 capitula,
1778 2646 1864 2712 qno·

275 2731 351 2774 rum
377 2710 527 2799 primum
550 2713 720 2780 continere
743 2715 842 2782 debet
866 2736 1014 2783 rasuram
1039 2713 1075 2776 in
1099 2731 1240 2803 genere,
1271 2709 1413 2776 alterum
1437 2713 1511 2802 ejus
1532 2707 1700 2790 effectum,
1724 2721 1862 2779 tertium

274 2801 451 2882 contraria,
474 2819 633 2892 quartum
657 2802 809 2896 denique
832 2827 964 2874 rasurae
991 2802 1122 2870 dolosae
1151 2823 1301 2893 poenam.
1329 2799 1395 2866 Sed
1419 2800 1517 2892 qnia,
1540 2799 1567 2866 si
1590 2823 1630 2866 cx
1656 2801 1773 2866 merito
1797 2820 1863 2868 tra·

274 2901 364 2956 ctare
387 2894 561 2956 materiam
585 2905 790 2982 praesentem
819 2896 954 2978 liceret,
979 2893 1015 2958 in
1041 2891 1163 2960 multos
1191 2893 1431 2983 quaterniones
1459 2913 1494 2958 se
1522 2901 1629 2957 nostra
1659 2889 1863 2960 diffunderet

274 2979 477 3072 disputatio,
501 2982 579 3048 nolo
602 2983 687 3050 lranc
712 2983 751 3050 de
774 3011 885 3054 rasura
911 2985 1137 3054 tractationem
1163 2983 1262 3074 pleno
1290 2980 1414 3048 calerno
1437 2979 1622 3062 deducere,
1646 3001 1689 3046 ne
1711 2984 1863 3049 exercitii

275 3069 466 3140 Academici
491 3090 591 3139 metas
615 3073 811 3160 transiliam,
834 3077 891 3145 sed
916 3076 1038 3144 tlrctice
1052 3075 1136 3140 lianc
1160 3071 1332 3139 materiam
1348 3089 1477 3138 tantum
1495 3091 1744 3162 proponamos
1763 3075 1864 3140 variis

275 3161 476 3228 Doctoribns
498 3163 695 3256 colligendo,
719 3191 806 3258 quae
830 3169 894 3235 hnc
919 3169 1024 3235 iacere
1040 3165 1248 3248 videbantur,
1272 3187 1334 3230 nec
1356 3161 1475 3228 addam
1499 3160 1611 3228 ubivis
1633 3160 1788 3249 rationes,
1805 3163 1864 3231 sed

275 3251 441 3318 suffecerit
465 3254 560 3337 milri,
584 3266 617 3320 et
642 3268 752 3324 textus
775 3273 809 3326 et
833 3259 899 3326 Dd.
924 3258 1050 3338 citasse,
1075 3253 1115 3320 ad
1143 3279 1185 3320 ue
1208 3277 1263 3320 eos
1283 3278 1337 3321 me
1362 3251 1534 3320 brevitatis
1557 3275 1649 3318 causa
1675 3254 1861 3342 remisisse,

274 3367 421 3436 qnorum
445 3343 632 3412 Doctorum
656 3349 755 3415 verba
778 3349 880 3416 etiam
903 3348 1007 3416 malui
1036 3281 1205 3412 interdum
1230 3345 1387 3425 retinere,
1411 3367 1515 3436 qnam
1532 3367 1570 3410 ea
1594 3354 1725 3409 mutare
1741 3357 1775 3410 et
1791 3368 1863 3410 mea

274 3435 459 3526 subjicere,
483 3433 585 3526 Quod
609 3459 676 3502 non
701 3438 783 3506 sitio
806 3441 891 3506 milri
914 3439 1011 3506 dabis
1034 3437 1073 3502 B.
1101 3435 1238 3515 Lector,
1262 3436 1347 3530 quip
1372 3459 1390 3502 e
1413 3461 1491 3502 cnm
1516 3433 1660 3502 unicum
1687 3431 1748 3500 boc
1778 3434 1862 3502 mihi

274 3537 409 3592 tantum
434 3524 536 3592 suerit
559 3527 779 3620 propositum,
802 3531 887 3598 lranc
910 3527 1084 3596 materiam
1108 3525 1258 3594 brevitet·
1280 3552 1317 3593 ac
1341 3459 1516 3606 banonico,
1540 3549 1581 3591 ex
1601 3529 1717 3590 'mente
1741 3523 1864 3592 Docto·

275 3639 374 3700 ιιιιιι,
400 3639 491 3683 more
514 3618 743 3708 proponendi,
768 3623 913 3688 rationes
936 3643 1034 3702 vero,
1058 3641 1145 3712 quae
1178 3615 1221 3682 ab
1250 3629 1395 3708 utraque
1424 3630 1517 3706 parte
1546 3613 1665 3682 adduci
1691 3626 1863 3705 poterant,

275 3705 446 3774 corallictui
462 3707 683 3798 disputatorie
699 3712 901 3780 reservandi.
918 3713 965 3778 Ut
987 3727 1099 3776 autem
1116 3707 1158 3775 ad
1175 3706 1377 3774 eliciendum
1397 3729 1474 3774 rora
1497 3724 1532 3774 et
1553 3705 1596 3772 ad
1620 3703 1863 3772 eliminandum

277 3799 370 3880 l‘alsa,
395 3797 482 3868 felici
506 3798 699 3892 progrediar
721 3803 841 3892 sidere,
864 3828 882 3871 a
906 3802 992 3886 Deo,
1008 3825 1026 3868 a
1043 3822 1111 3892 quo
1128 3811 1251 3864 etcum
1275 3821 1345 3890 quo
1369 3819 1468 3866 omne
1485 3795 1700 3891 principium,
1717 3794 1876 3868 medium.

278 3904 311 3958 et
337 3890 499 3959 terminus
520 3890 593 3958 fieri
618 3889 716 3958 debet
747 3893 827 3962 ll'ov.
857 3917 928 3984 ¹⁰9·
949 3917 1010 3988 pr.
1036 3885 1242 3981 auspicabor.

595 3981 717 4050 Nullus
738 3985 829 4052 enim
855 3985 933 4052 felix
956 3993 1092 4052 conatus
1115 3991 1148 4046 et
1171 3978 1266 4045 utilis
1287 4001 1333 4044 uu
1363 4001 1440 4045 uam

638 4075 870 4168 Augmentum
885 4077 913 4145 si
930 4099 997 4144 non
1012 4072 1134 4166 detque
1150 4071 1314 4162 juretque
1330 4003 1432 4138 ileos

904 4301 1230 4375 caeorr.

850 4519 909 4588 De
935 4522 1074 4590 Basaro
1100 4522 1136 4588 in
1158 4539 1294 4610 genere.

470 4760 493 4813 S
512 4761 541 4816 U
555 4758 594 4812 d!
606 4759 644 4812 d!
655 4759 685 4813 A
702 4763 729 4815 R
747 4761 766 4812 1
780 4757 810 4810 A
1102 4751 1176 4823 Ouid
1189 4747 1227 4808 sit
1244 4747 1452 4805 interlineatio?
1470 4767 1498 4803 ιι.
1519 4761 1544 4802 t.

1102 4843 1180 4910 Quae
1203 4833 1363 4906 differentia
1380 4832 1453 4890 inter
1469 4834 1598 4900 cancell„
1624 4831 1753 4888 cittumd·
1778 4831 1870 4886 indae.

276 4932 326 4984 Aa
346 4927 449 4984 mentio
465 4927 544 4983 vocis
555 4925 744 4999 Rasumeſsat
756 4927 785 4981 in
793 4925 858 4997 jure
875 4925 970 4981 civili?
979 4945 1007 4980 ιι.
1023 4937 1045 4978 t.
1129 4933 1179 4978 etc.
1198 4940 1227 4974 ιι.
1247 4933 1273 4974 ι.

276 5017 325 5068 Aa
346 5012 375 5068 ia
388 5013 458 5084 jure·
470 5012 634 5068 canonico?
651 5030 680 5066 ιι.
703 5022 727 5062 t.
1098 5012 1226 5065 amarae
1244 5003 1391 5078 Definitio.
1410 5025 1440 5060 ιι.
1460 5019 1485 5060 s.

274 5103 402 5156 Horum
420 5098 609 5170 Etymologio·
628 5116 657 5151 ιι.
676 5107 701 5148 t.
1098 5093 1173 5165 Ejus
1192 5090 1312 5148 Divitia·
1331 5109 1361 5146 ιι.
1382 5104 1423 5146 to.

275 5183 410 5254 iliadem
428 5181 627 5254 Homonymia·
648 5200 675 5236 ιι.
698 5191 723 5235 t.

273 5268 457 5338 Stnonytnt'a.
474 5287 503 5321 ιι.
522 5279 547 5320 t.

279 5354 352 5422 Quid
367 5354 404 5406 sit
421 5353 585 5417 concellata,
597 5352 809 5422 circumducere,
823 5352 957 5422 inducere,
973 5353 1044 5410 obo-
1133 5294 1198 5404 Ne
1215 5351 1274 5405 sine
1291 5351 1348 5421 lege
1365 5349 1440 5422 loqui
1464 5351 1637 5415 embescsm,
1662 5357 1693 5400 ut
1718 5345 1869 5417 Imperator
1909 5357 1919 5397 ι

311 5440 375 5510 lere,
393 5439 543 5498 insertare?
561 5457 588 5494 ιι.
610 5453 634 5494 ι.
1098 5447 1190 5493 noster
1214 5437 1382 5496 lastinianus
1401 5437 1591 5493 sanctissimus
1611 5445 1637 5490 et
1653 5431 1871 5498 debilissimus,
