4504 6344
369 459 421 529 tas
745 457 795 514 DE
814 455 995 519 SUBJECTO
1013 451 1194 514 BENEFICH
1209 454 1458 518 Excusstottts.
1769 462 1822 531 itit

296 557 453 631 exceptione
471 555 520 610 hac
537 553 650 626 juratur.
668 553 761 610 Faber.
781 553 807 610 d.
826 553 1070 625 defit.n.c.i)n.
1123 556 1214 610 tieree.
1241 556 1274 611 da
1304 559 1388 613 Tutel.
1410 567 1481 626 port.
1504 567 1525 608 t.
1543 576 1565 613 c.
1591 571 1630 614 ts.
1657 577 1683 614 ιι.
1712 570 1753 616 ιι.
1771 557 1890 632 Magnii.

298 645 424 715 Carpocr-
439 653 513 711 ριιι.
529 651 553 692 ι.
566 651 653 694 const.
673 651 712 693 ιι.
727 639 782 710 dgfi
800 653 840 695 to.
856 643 907 694 Du.
922 641 1069 695 Brunnem.
1123 642 1176 694 Dn.
1192 640 1389 696 Bruonernann·
1402 642 1511 698 Comm·
1523 643 1592 700 cod.
1605 643 1643 698 od
1659 646 1676 697 l.
1698 655 1722 697 ι.
1742 644 1771 699 ιἰι
1786 644 1844 716 fin.
1857 647 1894 700 de

276 725 423 780 ,Exorata
442 726 549 781 Juaetn.
572 736 611 778 ιι.
631 723 671 779 art
686 723 727 778 ιίι.
749 735 789 779 ιι.
807 721 831 796 5.
854 736 876 777 ι.
894 724 941 777 ιιι.
958 738 982 778 ι.
997 728 1068 778 rnre.
1122 727 1274 782 adoletur.
1297 728 1382 784 tutet.

296 809 433 864 Valentio.
447 807 553 862 irancrn
565 806 741 878 deridetur.
754 826 811 879 cap.
827 821 850 860 ι.
864 829 894 862 ιι.
910 813 1069 866 semustas
1158 812 1305 867 Posteriori
1323 829 1393 877 meu,
1412 809 1436 865 si
1454 815 1535 868 tutela
1554 811 1636 868 luerit
1656 813 1760 880 divisa,
1784 813 1895 868 diuisio-
1933 823 1964 869 tt

232 895 236 903 “
295 895 397 965 Meyer.
420 893 521 964 colleg.
540 893 722 963 Argentares.
746 893 798 945 Tit.
816 892 850 946 de
868 894 1004 966 Fidejum.
1028 897 1067 949 ιΙι.
1120 914 1182 950 nem
1201 897 1269 950 banc
1287 897 1354 950 bene
1372 897 1578 952 discernendam
1598 897 1724 963 dixerim,
1743 916 1776 952 au
1797 917 1895 970 nempe

299 991 340 1034 ιι.
354 979 386 1032 in
405 995 436 1032 eo
454 977 528 1030 enim
542 975 602 1027 DD.
615 975 790 1030 communiter
803 977 984 1043 consentiunt,
996 980 1067 1049 quod
1118 979 1152 1034 ab
1165 981 1233 1052 ipsis
1247 979 1378 1035 tutoribus
1395 998 1429 1034 an
1447 999 1462 1034 a
1483 988 1614 1046 testatore,
1627 999 1661 1034 an
1674 1003 1688 1035 a
1701 981 1790 1052 judice
1803 979 1887 1036 fuerit

295 1081 401 1119 correus
419 1063 475 1127 iile,
494 1060 527 1114 ad
545 1077 624 1130 quem
645 1059 780 1129 negotium
799 1077 853 1114 non
873 1061 999 1131 pertinet,
1013 1081 1062 1133 pru
1118 1063 1191 1120 iaeta-
1212 1065 1241 1118 Si
1264 1075 1286 1116 ι.
1305 1064 1338 1118 ab
1357 1064 1424 1136 ipsis
1443 1063 1574 1119 tutoribus
1593 1069 1671 1120 tutela
1690 1063 1771 1119 inerit
1790 1065 1890 1130 divisa,

295 1145 453 1218 fidejussore
466 1148 503 1200 sit
515 1145 659 1202 habendus·
680 1145 800 1198 Vincent
814 1145 937 1198 Carooius
950 1158 1024 1216 port.
1041 1158 1065 1200 ι.
1118 1167 1172 1202 non
1191 1148 1291 1220 poterit
1308 1149 1371 1204 baec
1389 1149 1486 1204 divisio
1505 1149 1689 1222 praessudioare
1700 1149 1818 1222 pupillo,
1833 1167 1886 1220 quo

301 1233 334 1302 Q.
349 1242 372 1282 ι.
385 1249 414 1286 ιι.
428 1241 453 1282 ι.
465 1239 491 1284 et
503 1246 572 1302 quoa
588 1226 628 1282 idi
644 1227 717 1282 citat.
736 1227 772 1281 Et
789 1227 915 1298 quicquid
931 1228 989 1293 aiii,
1002 1229 1064 1282 huic
1115 1231 1204 1285 minus
1230 1231 1260 1284 io
1285 1231 1400 1286 solidum
1425 1235 1545 1304 qnemris
1570 1243 1688 1291 ustorum
1715 1235 1768 1290 sibi
1795 1235 1890 1288 habeat

296 1315 457 1380 sententiae,
470 1332 503 1368 ue
517 1315 603 1368 dicaru
617 1311 724 1368 veritati
736 1311 907 1376 oblatrantes,
925 1329 1064 1382 argumen·
1113 1313 1265 1385 obligansm.
1284 1319 1316 1370 l.
1334 1328 1387 1369 tres
1410 1326 1519 1372 tutores.
1541 1331 1581 1372 ιι.
1599 1315 1733 1390 prinnff.
1747 1322 1781 1375 de
1795 1317 1884 1372 orimi-

296 1410 384 1454 tornm
403 1410 543 1456 contexere
561 1398 772 1462 allaborarerint,
786 1398 815 1448 in
826 1415 884 1450 eam
898 1408 984 1450 tamen
1002 1415 1062 1451 sen·
1115 1401 1193 1453 niatr.
1211 1411 1238 1454 et
1253 1401 1338 1469 peric.
1357 1411 1406 1454 tut.
1425 1401 1443 1452 l.
1467 1411 1490 1455 ι.
1509 1399 1537 1455 in
1547 1401 1608 1472 jin.
1622 1403 1651 1458 C.
1663 1405 1697 1458 de
1713 1402 1795 1458 divid.
1809 1403 1884 1457 tutet.

296 1485 408 1542 tentiam
427 1501 469 1538 me
488 1483 558 1538 haud
578 1483 752 1547 induxerint;
773 1481 828 1534 nisi
845 1478 915 1534 iorte
933 1480 986 1552 (ι).
1006 1481 1061 1554 lpsi
1112 1483 1146 1536 Et
1164 1485 1228 1539 iicet
1244 1484 1293 1539 sub
1310 1485 1454 1557 aequitatis
1471 1487 1545 1540 lance
1563 1487 1740 1541 nibilominus
1772 1486 1883 1557 dignum
1923 1497 1955 1539 ιι

297 1570 486 1642 principaliter
499 1579 527 1622 et
546 1567 575 1621 in
593 1567 709 1622 solidum
727 1565 829 1620 inerint
845 1565 973 1636 obligati,
999 1583 1061 1620 narn
1113 1566 1334 1623 bocbeneiieiurn
1347 1569 1524 1642 promeruisse
1538 1572 1625 1625 iocum
1641 1571 1718 1624 multi
1733 1569 1889 1642 putarerint

298 1657 327 1708 in
346 1657 395 1708 hoc
412 1673 473 1708 casu
485 1671 578 1708 omnes
598 1653 637 1706 uti
656 1653 820 1725 principales
839 1663 899 1706 sunt
915 1651 1061 1720 judicandi.
1113 1653 1147 1706 ob
1162 1653 1189 1707 i..
1202 1656 1302 1710 Lucius
1317 1663 1357 1711 ιι.
1374 1663 1395 1720 ς.
1407 1675 1467 1709 cum
1482 1666 1654 1710 testamento.
1669 1654 1741 1725 eff.
1754 1655 1787 1708 de
1801 1653 1887 1710 admi·

298 1739 373 1792 ntea.
398 1739 485 1794 Cone.
511 1751 553 1791 ιι.
574 1737 633 1792 Col.
648 1755 713 1808 pen.
730 1736 789 1788 vol.
811 1736 957 1790 ι..1ιι.ιίι
975 1737 1061 1791 Coras.
1114 1738 1191 1794 nistr·
1217 1743 1309 1795 Tutor.
1327 1741 1396 1812 quod
1417 1741 1481 1793 iacit
1498 1740 1618 1795 Francos
1635 1742 1663 1796 d.
1681 1757 1705 1790 r.
1724 1752 1746 1791 t.
1770 1757 1798 1792 n.
1821 1749 1882 1790 ιιι.

300 1835 341 1876 st.
360 1823 417 1876 voi.
432 1835 455 1876 ι.
467 1822 509 1876 rei
523 1822 576 1875 nisi
589 1819 630 1894 (ι)
643 1819 780 1876 commode
792 1831 883 1875 contra
896 1821 972 1874 ilium
983 1838 1062 1894 expe·
1113 1825 1251 1878 Hartman.
1271 1825 1370 1879 Pistor.
1388 1827 1414 1880 d.
1437 1829 1469 1896 Q.
1492 1837 1531 1879 ιι.
1550 1845 1578 1880 ιι.
1601 1836 1641 1878 ιι.
1666 1821 1888 1878 insulanense
1926 1833 1955 1874 ιι

299 1908 347 1960 riri
373 1926 426 1962 nou
452 1908 597 1980 potuerint.
621 1908 681 1960 Bar.
700 1916 728 1960 et
746 1905 812 1975 Aug.
832 1907 861 1960 ιἰι
882 1907 900 1958 l.
920 1917 944 1958 ι.
963 1905 1060 1978 infin.
1113 1905 1444 1978 bacaequitate,eamdem
1464 1909 1590 1963 moronus
1609 1907 1719 1978 assequi
1738 1923 1797 1959 eum
1816 1905 1886 1958 hand

287 1992 330 2062 ff.
349 1993 383 2048 de
400 2010 458 2048 eor.
480 1993 545 2046 don.
571 1992 682 2047 dando:
702 1992 742 2045 rei
761 1991 814 2046 nisi
833 1990 882 2061 (ι).
907 1991 997 2044 auimo
1015 2010 1061 2045 no·
1113 1990 1228 2056 licuerit,
1247 1988 1349 2046 defixus
1368 1995 1462 2048 haereo
1475 1993 1649 2058 dubitatione,
1661 2009 1721 2044 curn
1734 1990 1824 2062 primo
1840 1989 1881 2040 di·

299 2077 377 2131 randi
395 2079 463 2132 aiter
479 2076 660 2130 intervenerit.
680 2077 742 2129 Aut.
755 2075 874 2128 Gabriel.
893 2073 926 2126 de
933 2073 1060 2144 fidejuss.
1114 2085 1153 2127 eto
1172 2083 1248 2126 testu
1264 2075 1370 2145 probari
1390 2077 1461 2130 baud
1480 2077 1571 2148 possit,
1590 2075 1661 2146 qood
1674 2093 1724 2146 per
1735 2076 1884 2144 generalem

298 2161 387 2216 concl-
407 2172 431 2214 ι.
451 2181 480 2214 ιι.
501 2174 524 2214 ι.
543 2162 584 2214 rel
601 2160 650 2231 (ι).
669 2176 717 2232 pro
736 2169 810 2230 parte
822 2167 925 2211 tautum
944 2173 998 2211 non
1017 2177 1062 2214 au·
1116 2153 1175 2206 DD.
1191 2155 1234 2209 isti
1247 2157 1358 2227 probare
1369 2156 1529 2210 annituntur
1542 2155 1829 2228 praesuppositionem,
1844 2166 1884 2208 tu-

298 2255 353 2300 tem
377 2246 407 2298 iu
431 2245 545 2298 solidum
570 2244 741 2316 reperiantur
764 2241 891 2312 obligati,
918 2243 957 2296 rel
982 2243 1060 2296 deui-
1114 2240 1191 2294 telam
1206 2239 1275 2293 inibi
1296 2241 1328 2293 ab
1346 2240 1415 2312 ipsis
1429 2239 1559 2294 tutoribus
1572 2257 1630 2294 esse
1642 2239 1765 2292 disisam.
1780 2239 1884 2294 Deinde

296 2349 349 2401 qne
362 2329 410 2400 (ι)
423 2329 475 2383 nisi
491 2329 620 2382 reflexum
633 2327 758 2384 habueris
770 2327 804 2380 ad
817 2327 987 2393 creditorem,
1002 2345 1063 2380 cum
1117 2335 1141 2376 ι.
1153 2324 1295 2394 specialem
1308 2341 1356 2378 nec
1369 2341 1421 2378 uon
1435 2333 1610 2396 apparentem
1625 2322 1688 2376 huic
1702 2323 1787 2377 textui
1799 2324 1886 2378 inesse

298 2414 328 2468 in
346 2413 406 2466 aliis
423 2412 508 2484 quoad
521 2411 680 2466 creditorem
694 2408 1063 2466 noncenseantnrlocofide·
1115 2425 1214 2473 casum,
1233 2425 1365 2480 nunqnam
1389 2425 1441 2463 non
1459 2407 1580 2480 opinatus
1599 2425 1674 2472 sum,
1692 2405 1726 2459 de
1742 2425 1794 2477 qno
1812 2426 1887 2461 accu-

298 2499 439 2567 jussorum.
461 2497 522 2551 int.
542 2495 661 2550 Gabriel.
680 2495 705 2548 d.
729 2497 800 2550 Con.
820 2513 848 2548 ιι.
869 2505 896 2548 ι.
1117 2491 1204 2546 ratius
1235 2491 1405 2565 praedictum
1439 2501 1540 2546 textum
1572 2489 1730 2564 ponderanti
1759 2492 1891 2549 constabit

336 2581 417 2635 Porro
434 2579 467 2635 ad
485 2581 534 2634 lanc
550 2576 710 2634 beneficium
728 2577 890 2633 admittendi
910 2587 1011 2634 tutores
1031 2597 1064 2634 ex
1116 2575 1237 2630 abunde:
1265 2575 1287 2630 si
1315 2577 1420 2631 scilicet
1439 2593 1509 2628 nnus
1528 2585 1599 2630 tutor
1624 2583 1796 2642 testamento,
1822 2577 1889 2630 aiter

299 2665 448 2720 cuntutoris
459 2664 529 2720 iacto
541 2665 660 2720 consenti
674 2665 693 2717 1.
694 2665 753 2736 sin.
761 2667 794 2722 C.
805 2665 833 2718 ai
847 2667 906 2718 Τιιι.
920 2664 964 2718 cei
968 2666 1064 2721 Curat.
1117 2677 1178 2714 rem
1198 2680 1214 2714 a
1232 2659 1322 2730 judice
1341 2661 1379 2715 sit
1398 2661 1489 2726 datus,
1507 2660 1613 2714 ordinis
1637 2657 1796 2714 beneficium
1816 2659 1888 2714 inter

299 2768 357 2804 non
374 2766 442 2820 geas.
460 2749 544 2822 lfa.
560 2751 591 2802 C.
606 2750 639 2804 de
653 2749 733 2804 rttotd.
759 2749 1001 2803 meditatores.
1022 2763 1065 2804 aa.
1119 2744 1169 2798 bos
1189 2743 1382 2817 recipiendum,
1403 2744 1450 2810 ita,
1469 2753 1499 2796 ut
1518 2743 1540 2796 si
1560 2741 1663 2796 danaus
1682 2743 1731 2795 snb
1748 2743 1816 2796 maia
1841 2743 1885 2796 bo-

298 2832 322 2908 5.
341 2834 370 2888 in
389 2852 459 2889 eum.
476 2845 518 2887 ιι.
526 2832 568 2905 ff
587 2833 621 2888 de
639 2834 793 2889 administr.
811 2845 839 2888 et
854 2835 935 2906 peric.
953 2845 1004 2892 tut.
1024 2838 1065 2891 Ad
1117 2845 1215 2884 norum
1235 2827 1467 2884 administratione
1481 2829 1589 2884 tutelam
1608 2827 1786 2899 gesserit,.bic
1799 2830 1889 2902 primo

299 2919 437 2974 meliorem
449 2931 535 2974 autem
548 2919 627 2987 hujus
637 2918 818 2990 coguitionem
828 2917 1008 2986 obtinendam,
1023 2922 1065 2975 di·
1117 2915 1152 2969 ιὶι
1169 2912 1353 2981 excutiendus,
1372 2922 1464 2986 postea
1483 2931 1545 2968 sero
1562 2912 1712 2982 obligantes
1730 2929 1759 2967 ae
1777 2931 1824 2986 pro
1842 2933 1888 2980 en,

300 3003 369 3058 rersi
389 3001 560 3057 discernendi
574 3013 652 3057 enrut
669 3019 752 3056 casus.
770 3002 838 3058 Nam
858 3012 903 3058 ant
918 3021 1012 3059 omnes
1025 3015 1067 3060 tu·
1115 2998 1158 3051 *οῙ
1175 2997 1256 3051 ‘lim
1276 2998 1446 3068 m⁸83³iffli¹¹³
1472 3015 1532 3053 ΕΜ
1556 2998 1763 3066 “instituemus
1782 3009 1810 3054 0²
1827 3009 1885 3054 ²⁰¹²

300 3095 371 3140 tores
381 3085 613 3151 administmrunt,
624 3095 670 3139 aut
682 3101 744 3138 uon.
759 3085 848 3138 Priori
860 3101 922 3138 casu
934 3087 956 3138 si
970 3105 1066 3142 omnes
1117 3081 1224 3136 demum
1243 3083 1287 3137 hit
1305 3084 1430 3138 solvendo
1448 3101 1500 3137 ¹¹0⁰
1517 3083 1702 3148 exlsslenllbmr
1714 3079 1836 3138 ⁰ffi030m
1848 3095 1888 3140 lu·

299 3170 380 3222 airnui
399 3171 511 3222 tutelam
530 3167 785 3232 administraverint,
804 3167 857 3239 ipsi
877 3169 1002 3241 denegato
1016 3171 1066 3226 boe
1119 3169 1188 3224 toris
1207 3169 1403 3224 testamentarii
1422 3169 1611 3240 indagandum,
1622 3169 1668 3241 qui
1680 3185 1754 3223 casus
1768 3187 1891 3242 expresse

299 3249 430 3308 becelino
446 3255 591 3325 aequaliter
602 3263 664 3307 sunt
675 3252 859 3307 consenicnrli.
873 3253 893 3305 t.
908 3265 930 3306 ι.
943 3262 964 3317 §-
979 3265 1020 3308 ιι.
1022 3254 1064 3325 ffi
1122 3257 1153 3308 iu
1173 3253 1200 3307 al.
1217 3254 1237 3308 Ι.
1255 3253 1364 3312 lucius.
1386 3263 1428 3308 tc.
1446 3255 1525 3319 latet,
1550 3263 1579 3307 et
1600 3257 1675 3323 cujus
1699 3253 1892 3325 specialitatem

301 3339 335 3392 de
360 3337 551 3392 Tuteletrot·
567 3336 682 3392 dissert.
695 3335 816 3406 dsimG.
831 3335 957 3391 dedtatrt
977 3339 1063 3394 Tulei.
1117 3338 1177 3410 ipse
1188 3338 1305 3392 Francus
1322 3338 1351 3391 d.
1370 3337 1390 3390 l.
1407 3357 1435 3390 ιι.
1456 3348 1482 3389 ι.
1504 3349 1545 3390 ιι.
1563 3353 1704 3408 agnoscere
1712 3347 1825 3392 tenetur.
1840 3339 1888 3390 At-

298 3419 378 3476 Ituna
394 3422 467 3476 enim
487 3421 532 3473 bic
548 3421 627 3475 datur
644 3419 815 3491 principalis,
833 3421 905 3475 nulla
923 3425 1065 3480 accessoria
1117 3431 1207 3476 tamen
1227 3420 1316 3476 icrsan
1335 3439 1385 3476 nec
1402 3419 1521 3491 praeiato
1544 3439 1606 3475 casu
1629 3421 1747 3492 exceptio
1765 3417 1891 3493 fingenda

300 3505 437 3576 obligatio,
451 3505 600 3560 scdomues
617 3507 720 3576 aequali
733 3505 842 3559 vinculo
855 3515 917 3558 sunt
929 3507 1065 3574 obstricti,
1117 3524 1132 3559 a
1153 3507 1256 3574 regala
1274 3505 1346 3575 qnod
1364 3503 1610 3558 administrationis
1638 3504 1771 3559 divisione
1788 3505 1856 3560 iacta
1875 3525 1891 3560 a

301 3598 332 3642 ut
357 3589 419 3642 inde
441 3587 547 3642 ordinis
569 3587 639 3642 baud
661 3587 782 3644 servandi
805 3587 968 3644 desideretur
984 3593 1064 3645 ratio.
1117 3590 1246 3646 tutoribus
1264 3589 1349 3661 ipsis,
1368 3584 1528 3641 beneficium
1548 3588 1598 3642 boe
1613 3590 1700 3643 locum
1719 3606 1772 3642 non
1791 3608 1892 3645 marea·

302 3673 442 3727 Hartman.
463 3673 559 3726 Pistor.
571 3685 646 3744 port.
662 3683 684 3724 ι.
701 3677 733 3743 Q.
749 3686 773 3726 ι.
785 3692 813 3727 ιι.
829 3683 854 3724 ι.
869 3671 940 3727 Petr.
953 3672 1063 3744 Gregor.
1117 3684 1171 3729 tur.
1189 3674 1257 3729 Nam
1277 3671 1420 3726 decidendi
1438 3672 1469 3724 in
1487 3670 1512 3724 d.
1531 3671 1549 3724 l.
1568 3673 1675 3728 Lucius.
1696 3683 1740 3727 ιι.
1757 3675 1891 3729 rationem

301 3757 442 3811 Thoiosau.
459 3757 506 3812 tit.
528 3769 569 3811 ιι.
593 3761 735 3828 syntagm.
753 3775 776 3810 c·
800 3767 839 3810 tu.
866 3773 894 3809 n·
924 3767 965 3811 ιι.
992 3759 1065 3828 Quae
1117 3757 1281 3813 accuratiori
1302 3757 1325 3809 si
1343 3757 1403 3827 quis
1421 3755 1607 3828 ponderaverit
1625 3757 1737 3824 trutina,
1754 3759 1895 3830 apparebit

302 3852 392 3898 tamen
417 3841 553 3910 subjuncto
577 3841 736 3896 emollienda
760 3841 910 3895 censuerim
936 3851 1064 3914 tempera·
1116 3843 1271 3906 confestim,
1288 3841 1373 3905 riam,
1394 3849 1508 3895 tutorem
1527 3843 1756 3896 testamentarium
1775 3859 1809 3896 ex
1825 3841 1894 3898 iacto

299 3935 406 3991 mento,
433 3925 487 3978 uisi
513 3924 614 3980 scilicet
636 3925 713 3995 culpa
731 3921 799 3978 torre
819 3924 859 3977 rel
877 3923 937 3976 dolo
954 3925 1064 3980 alterius
1115 3924 1262 3981 coututoris
1287 3921 1368 3980 dativi
1392 3925 1589 3992 coneenieudi,
1614 3927 1751 3980 obstaculo
1770 3927 1887 3999 qrsodans

298 4018 412 4062 tutorum
431 4008 497 4078 quid
515 4007 597 4062 inerit
609 4009 766 4078 neglectum,
779 4009 847 4061 alter
859 4025 920 4061 sero
938 4008 971 4061 ab
989 4010 1064 4063 omni
1115 4008 1227 4063 cuilibet
1242 4025 1302 4062 esse
1318 4009 1491 4081 praeclusam,
1503 4028 1557 4065 non
1567 4010 1602 4065 ob
1615 4007 1776 4064 beneficium
1795 4028 1888 4064 excus-

299 4109 408 4164 prorsus
433 4104 586 4165 exemptum
605 4092 642 4147 sit
660 4092 728 4147 dolo.
749 4093 794 4146 Sic
812 4091 886 4144 enim
905 4093 952 4146 ille
969 4113 984 4148 a
1003 4094 1063 4148 doio
1114 4093 1208 4159 sionis,
1227 4091 1272 4147 sed
1290 4103 1440 4164 propterea,
1459 4095 1528 4166 quod
1542 4103 1610 4148 tutor
1623 4095 1839 4149 testamentarius
1854 4111 1890 4148 ex

300 4177 413 4242 alienos,
433 4193 462 4230 se
479 4177 529 4231 boc
546 4175 663 4230 tuebitur
674 4172 815 4240 beneficio,
827 4174 861 4228 ad
873 4176 1062 4232 excutiendum
1114 4177 1180 4232 iacto
1196 4178 1340 4232 contutcris
1359 4177 1442 4232 dativi
1461 4177 1575 4230 minime
1594 4177 1677 4232 inerit
1688 4177 1836 4248 obligatus,
1849 4190 1890 4233 at-

299 4277 376 4326 eum,
408 4263 483 4332 cujus
517 4262 595 4332 eulpa
628 4259 730 4330 aliquid
767 4257 847 4313 inerit
872 4270 1053 4332 perpetratum
1114 4279 1166 4333 qne
1185 4260 1250 4314 adeo
1268 4259 1371 4332 absque
1388 4261 1467 4330 hujus
1484 4257 1609 4316 beneficii
1638 4261 1791 4316 fulcimento
1819 4273 1891 4317 tutus

298 4343 438 4396 Hartman.
453 4343 550 4399 Pistor.
567 4345 593 4397 d.
615 4345 723 4412 Ouoeat.
738 4361 766 4395 ιι.
781 4353 821 4395 ιι.
833 4342 966 4398 Valentia.
977 4343 1061 4398 Fran·
1117 4363 1175 4400 esse
1192 4345 1320 4417 potuerit.
1339 4344 1393 4399 trec
1410 4342 1836 4400 infirmisiraeedeeisioauiiulta
1848 4359 1890 4403 est
1927 4365 1956 4406 ιι

300 4443 346 4481 cus
365 4423 535 4498 deflectere.
553 4445 578 4482 c.
597 4441 621 4480 t.
640 4447 668 4480 ιι.
690 4436 751 4479 ιιι.
770 4425 804 4480 Ει
821 4442 856 4479 ne
874 4423 945 4480 t‘orte
963 4425 1063 4497 meque
1114 4430 1300 4486 fundamentis.
1310 4431 1400 4486 Prima
1414 4431 1486 4484 enim
1500 4429 1564 4483 baec
1576 4428 1710 4498 reperitur
1722 4429 1801 4494 ratio,
1815 4433 1888 4500 quod

298 4514 355 4566 ulio
378 4513 407 4567 in
431 4513 500 4568 hauc
523 4513 683 4568 sententiam
708 4511 902 4582 propendentes
927 4511 1063 4566 rideamne
1112 4515 1229 4586 proinde
1247 4515 1312 4568 tales
1339 4511 1454 4567 habendi
1479 4523 1593 4577 catores,
1611 4529 1642 4564 ac
1660 4511 1684 4564 si
1703 4511 1733 4564 in
1752 4512 1887 4568 dimidias

297 4596 476 4666 fundamento,
495 4597 634 4653 diceritis
647 4597 720 4652 bisce
736 4595 833 4650 merito
849 4597 902 4650 erit
917 4595 1061 4665 alleganda·
1113 4598 1169 4652 dati
1186 4607 1278 4652 essent
1296 4607 1393 4668 partes.
1405 4597 1431 4650 d.
1443 4597 1464 4647 l.
1477 4595 1584 4650 lucius.
1596 4603 1618 4660 ς.
1631 4612 1693 4650 cum
1710 4604 1885 4653 testamento.

297 4683 396 4756 L'trum
421 4699 517 4756 senape
539 4683 569 4736 in
593 4681 796 4745 committeado,
815 4697 850 4734 au
867 4680 897 4732 iu
914 4678 1063 4732 omittendo
1115 4695 1139 4736 ι.
1158 4681 1187 4734 in
1197 4679 1256 4753 fin.
1274 4681 1307 4735 de
1324 4678 1477 4734 adminisir.
1502 4679 1587 4733 Tutel.
1613 4682 1674 4735 lam
1692 4698 1753 4735 aero
1775 4682 1883 4738 diversa

298 4765 426 4821 delictum
444 4765 535 4823 inerit.
548 4767 618 4823 Siin
629 4763 829 4830 committendo,
843 4765 902 4818 aine
914 4763 968 4817 ullo
979 4761 1061 4817 dubio
1113 4766 1194 4820 tutela
1211 4765 1276 4818 aiter
1296 4779 1329 4818 cx
1347 4762 1460 4818 alterius
1487 4761 1555 4818 iacto
1572 4782 1626 4819 nou
1645 4775 1751 4820 tenetur
1769 4767 1788 4820 i.
1810 4778 1836 4819 t.
1855 4771 1884 4824 C.

299 4853 355 4916 iile,
373 4853 420 4923 qui
438 4853 536 4925 gessit,
554 4853 629 4924 prius
646 4849 857 4913 conveniendos,
871 4865 923 4919 quo
942 4863 1059 4912 mensae,
1112 4847 1146 4902 de
1166 4847 1259 4903 Dieid·
1281 4846 1368 4903 Tulei.
1389 4857 1413 4897 ι.
1433 4849 1513 4904 Ratio
1528 4857 1578 4913 est,
1591 4851 1653 4919 qaaia
1667 4853 1884 4908 testamentarius

299 4939 323 4990 si
342 4935 443 5008 pupillo
461 4937 578 4992 nondum
595 4935 679 4991 fuerit
696 4933 870 5000 satisfactum,
889 4934 923 4998 is,
941 4932 987 5003 qui
1007 4949 1060 4984 uon
1111 4943 1179 4990 tutor
1198 4949 1230 4987 ex
1248 4931 1315 4987 iacto
1338 4933 1420 4988 datiri
1445 4935 1541 4988 tutoris
1566 4951 1621 4988 uon
1644 4933 1723 4988 aliter
1751 4945 1881 5003 tenetur,

299 5021 398 5089 gessit,
422 5020 505 5092 quoad
530 5019 667 5074 residuum
685 5019 739 5074 erit
757 5017 957 5072 conreniendos.
977 5015 1008 5068 si
1028 5015 1058 5068 in
1109 5036 1188 5089 quam
1206 5015 1230 5070 si
1248 5019 1304 5085 ejus
1323 5018 1352 5070 in
1371 5016 1506 5070 reddendo
1520 5017 1611 5088 ipsum
1624 5029 1772 5090 suspectum
1792 5020 1882 5090 aliqua

297 5105 447 5160 omittendo
463 5125 479 5159 a
497 5113 585 5159 tutore
600 5103 667 5174 quid
685 5102 767 5157 inerit
785 5103 948 5170 neglectum,
966 5117 1059 5153 omnes
1109 5099 1240 5156 subincrit
1265 5101 1350 5174 culpa.
1371 5101 1396 5154 d.
1415 5101 1434 5154 l.
1451 5101 1561 5156 lucius.
1580 5108 1602 5164 ς.
1621 5119 1682 5156 cum
1706 5113 1881 5168 testamento,

298 5191 442 5262 aequaliter
460 5199 599 5253 tenentur,
617 5187 680 5258 quia
697 5203 788 5240 omues
812 5202 977 5239 communem
995 5201 1057 5237 con-
1108 5186 1136 5240 in
1158 5185 1227 5239 med:
1248 5184 1279 5238 Si
1297 5183 1381 5254 igitur
1399 5195 1508 5238 eatenus
1534 5186 1751 5240 testamentarius
1777 5195 1884 5241 tenetur

266 5327 273 5338 ,
296 5285 399 5328 traxere
417 5273 615 5344 negligentiam.
634 5273 653 5325 i.
672 5283 714 5324 ιι.
727 5278 748 5333 t.
766 5283 790 5322 ι.
791 5264 831 5336 ff.
845 5269 878 5322 de
892 5266 1056 5321 Administr·
1110 5279 1189 5334 tutor,
1208 5278 1337 5340 quatenus
1355 5269 1384 5321 in
1403 5285 1455 5321 non
1476 5267 1611 5321 reddendo
1624 5277 1775 5337 suspectum
1790 5271 1881 5340 culpae

295 5359 394 5422 ,Triton
412 5359 432 5412 1.
439 5357 496 5428 fin.
517 5359 546 5414 C·
563 5359 596 5412 di
610 5366 660 5412 tut.
680 5354 722 5412 cel
737 5365 822 5411 curat
836 5372 893 5406 uon
902 5370 971 5424 geas.
990 5351 1045 5408 Gut
1106 5353 1191 5410 tuerit
1208 5369 1280 5424 reus,
1297 5353 1355 5410 luce
1372 5351 1520 5406 meridiana
1539 5353 1592 5410 erit
1610 5351 1717 5415 clarius,
1734 5351 1880 5420 ordinaria,

408 5441 512 5515 stryttt
531 5442 593 5499 Vol·
611 5446 635 5496 1.
1050 5517 1053 5532 Ι
1703 5445 1735 5492 ιι
