4482 6328
699 583 1032 664 ntseu'rnnto
1050 584 1260 668 maloin
1278 589 1459 670 SEXTA

1046 751 1072 805 n
1091 749 1117 803 n>

615 887 1585 1027 unuo'uuutttttt,

797 1120 828 1164 Dr
854 1121 960 1166 XXV-11·
985 1121 1121 1168 ROVRHB.
1147 1121 1180 1166 d·
1196 1125 1349 1171 nncnxtx.

842 1242 845 1252 ’
905 1269 1247 1312 sassonorum

625 1473 628 1481 ,
685 1401 905 1472 PETllO
942 1403 1484 1481 scnuttntunccm.

810 1627 1357 1676 —m

859 1811 1301 1886 FELICITER!

290 2025 446 2191 Haud
469 2109 630 2216 exiguum
652 2107 979 2218 Reipublicaenbene
993 2112 1192 2181 constitutae
1206 2135 1440 2186 ornamentum
1456 2129 1523 2202 est,
1538 2118 1630 2203 illos,
1648 2118 1767 2214 qui'd‘e
1779 2115 1881 2190 bono·

288 2204 425 2294 publico
448 2219 558 2270 mersu
580 2219 659 2270 sunt
681 2225 758 2294 egre
782 2226 831 2285 re,
853 2197 956 2290 drgno
979 2218 1122 2272 mactare
1145 2203 1416 2276 redhostimento.
1444 2206 1623 2281 Proniores
1651 2213 1697 2279 ita
1724 2209 1767 2276 ad
1789 2233 1869 2302 ope-

287 2317 360 2362 rarn
382 2291 540 2384 Reipubl.
564 2293 744 2384 impenden
768 2317 820 2360 arn
843 2291 987 2359 existent
1008 2288 1128 2380 Cives,
1151 2295 1179 2362 si
1203 2297 1388 2366 mercedem
1417 2301 1567 2367 meritam
1592 2301 1673 2369 inde
1695 2325 1730 2368 se
1754 2323 1870 2392 repor-

287 2397 360 2452 tare
383 2383 530 2452 rideant.
553 2381 657 2474 Quod
679 2401 711 2450 et
733 2383 903 2476 aequitate
926 2403 1054 2447 summa
1078 2384 1181 2451 inniti
1206 2407 1334 2456 certum
1356 2401 1422 2481 est,
1445 2391 1599 2482 quamvis
1615 2416 1649 2458 n.
1665 2390 1791 2484 alioqui
1807 2385 1870 2458 Ci-

287 2497 346 2542 ves
368 2473 511 2568 quodam
536 2473 682 2542 naturali
706 2473 811 2541 ductu
834 2470 981 2539 adstricti
1004 2471 1091 2557 sint,
1108 2492 1147 2541 ut
1161 2473 1295 2546 Patriae
1311 2502 1449 2574 quoquo
1464 2479 1562 2548 modo
1576 2480 1774 2564 inserviant,
1790 2505 1870 2550 cum

287 2587 356 2632 non
382 2565 486 2632 solum
512 2564 596 2646 sibi,
620 2564 678 2631 sed
700 2575 735 2636 ιι
758 2563 892 2632 Patriae
915 2561 987 2627 nati
1010 2561 1094 2649 sint,
1118 2589 1153 2632 ac
1176 2564 1253 2636 huic
1276 2569 1401 2638 iterum
1423 2572 1573 2640 fortunas
1593 2594 1669 2638 suas
1684 2593 1799 2660 operas
1825 2595 1870 2638 ua

288 2655 445 2738 debeant,
469 2653 580 2722 Patria
605 2673 716 2723 tamen
742 2657 907 2749 reciproco
930 2651 1017 2744 juris
1040 2653 1202 2724 naturalis
1225 2681 1317 2728 nexu
1340 2685 1415 2756 erga
1438 2658 1541 2728 Cives
1564 2684 1625 2754 pro
1646 2684 1667 2727 o
1709 2661 1756 2728 ris
1772 2683 1813 2726 ex
1838 2663 1868 2727 i-

288 2745 390 2828 bitis,
415 2743 654 2838 gratitudinem
677 2771 768 2816 suam
793 2770 813 2814 o
856 2767 893 2811 re
909 2741 980 2833 ipso
995 2743 1133 2814 debebit
1147 2751 1345 2837 contestari,
1364 2777 1401 2820 ac
1415 2775 1503 2846 quae
1517 2777 1595 2820 cum
1611 2773 1676 2844 neg
1689 2762 1763 2818 ectu
1778 2771 1869 2816 oom-

289 2834 380 2904 modi
405 2837 531 2928 proprii
556 2836 597 2904 in·
617 2836 750 2906 Patriae
765 2841 816 2906 uti
829 2838 946 2903 'itatem
962 2835 1125 2926 impensa,
1142 2860 1183 2904 ex
1199 2839 1333 2930 publico
1347 2865 1569 2950 compensare.
1584 2839 1770 2910 Constituta
1787 2859 1870 2908 sunt

289 2939 463 3020 eapropter
486 2926 598 2995 ubivis
623 2929 690 2997 fere
712 2928 879 2998 Gentium
903 2925 1019 2992 salaria
1044 2946 1148 3014 certa,
1172 2929 1209 2995 iu
1231 2945 1531 3022 compensationem
1545 2953 1663 3024 operae
1683 2931 1869 3020 impensae,

290 3016 433 3086 Civibus
455 3016 497 3082 de
519 3017 704 3112 Republica
728 3018 935 3088 merentibus
959 3019 1134 3086 annuatim
1158 3019 1240 3087 solvi
1264 3023 1367 3091 solita.
1391 3023 1530 3116 Quippe
1544 3043 1732 3088 nemocum
1747 3017 1874 3087 domm

290 3129 350 3176 suo
373 3107 516 3202 graviori
540 3109 636 3178 alteri
660 3110 819 3181 inservire
842 3105 1023 3177 obstrictus
1045 3127 1110 3193 est,
1133 3108 1191 3176 sed
1216 3109 1303 3180 vitae
1327 3113 1474 3204 primum
1498 3111 1667 3206 propriae,
1690 3125 1763 3202 post
1784 3109 1867 3177 alio-

288 3223 368 3268 rum
391 3198 476 3266 ratio
498 3196 661 3268 habenda.
687 3201 776 3269 Hinc
798 3213 887 3268 certe
909 3196 951 3264 de
975 3199 1164 3268 necessariis
1186 3199 1275 3270 ritae
1296 3202 1455 3272 subsidiis
1476 3202 1664 3296 prospicere
1686 3201 1788 3268 alicui
1809 3199 1872 3268 de·

289 3291 387 3360 bebit
408 3287 625 3380 Respublica,
648 3297 747 3384 cujus
765 3293 874 3382 operis
896 3286 939 3358 ad
961 3286 1013 3355 sui
1036 3288 1246 3358 commodum
1269 3295 1321 3360 uti
1344 3293 1527 3382 desiderat,
1550 3304 1585 3360 et
1607 3291 1696 3382 ipse,
1712 3291 1774 3384 qui
1789 3312 1868 3382 ope-

290 3403 361 3448 ram
384 3403 478 3447 suam
501 3377 718 3471 Reipublicae
740 3383 842 3450 semel
865 3377 1031 3473 promisit,
1060 3405 1099 3448 eo
1127 3382 1244 3472 majori
1274 3383 1455 3470 alacritate,
1484 3407 1520 3452 ac
1546 3381 1708 3451 indefessa
1737 3379 1870 3450 solertia

289 3469 501 3540 commodum
523 3471 677 3540 tractabit
701 3471 891 3565 publicum,
913 3471 942 3540 si
965 3493 984 3536 a
1007 3495 1086 3538 cura
1110 3473 1160 3539 rei
1184 3470 1372 3556 firmiliaris,
1396 3475 1530 3568 egregio
1549 3471 1670 3540 salario
1687 3471 1871 3539 constituto

291 3587 326 3630 se
349 3561 526 3629 liberatum
551 3562 801 3630 animadvertat.
824 3561 924 3654 Quod
940 3562 1053 3652 ipsum
1069 3563 1175 3629 morit
1189 3587 1325 3657 quoquc
1337 3562 1600 3634 Constantinum
1614 3561 1871 3653 lmperatorem,

291 3677 361 3748 quo
376 3653 417 3722 de
427 3651 631 3720 Medicorum
646 3679 682 3722 ac
698 3653 926 3722 Professorum
939 3653 1065 3720 salariis
1078 3653 1115 3720 in
1129 3652 1208 3721 lraec
1226 3655 1326 3736 rerba
1344 3655 1556 3742 rescriberet,
1569 3650 1749 3722 mercedes
1765 3653 1872 3722 etiam

289 3753 334 3818 r'i's
357 3761 389 3812 et
412 3746 547 3813 salaria
572 3745 673 3814 reddi
686 3743 862 3836 jubemus,
887 3767 952 3838 quo
960 3743 1106 3834 facilius
1120 3742 1323 3813 liberalibus
1337 3743 1462 3816 studiis
1478 3761 1510 3814 et
1526 3746 1721 3812 memoratis
1735 3743 1872 3812 artibus

289 3838 417 3908 multos
439 3837 641 3920 instituant,
665 3841 761 3928 cujus
785 3837 934 3928 rescripti
958 3837 1057 3902 verba
1081 3834 1191 3928 legere
1217 3834 1295 3903 licet
1323 3835 1360 3903 in
1387 3835 1413 3902 f‘.
1445 3839 1478 3906 6.
1512 3834 1555 3904 C.
1583 3831 1626 3900 de
1654 3833 1809 3923 Profess.
1838 3853 1871 3902 et

290 3927 387 4002 Med.
411 3925 591 3994 Caeterum
613 3929 776 4022 quoniam
799 3925 848 3992 ad'
864 3949 978 4017 operas
1002 3926 1147 3992 restricta
1178 3924 1337 3994 ridentur
1359 3927 1491 4008 salaria,
1518 3923 1609 3995 baud
1634 3921 1782 3994 dubium
1803 3937 1872 4010 est,

288 4038 361 4112 post
385 4029 522 4084 mortem
545 4043 583 4085 ea
607 4041 676 4086 non
699 4017 842 4110 amplius
870 4017 1005 4102 deberi3
1033 4027 1179 4084 cessante
1207 4016 1300 4084 eninr
1327 4039 1423 4084 causa
1451 4017 1646 4084 salariorum
1675 4033 1712 4082 et
1736 4013 1879 4084 effectus

290 4126 391 4180 cesset
415 4131 582 4177 necessum
599 4121 664 4198 esta
687 4110 768 4204 quia
792 4121 903 4174 tamen
926 4107 1044 4174 merita
1069 4105 1291 4198 quorumdam
1314 4103 1396 4173 adeo
1418 4107 1538 4174 eximia
1563 4117 1663 4188 sunt,
1686 4121 1728 4170 ut
1748 4104 1806 4171 vix
1829 4129 1873 4173 ex

292 4201 411 4268 merito
434 4200 560 4290 possint
582 4199 804 4294 compensari,
827 4199 909 4266 alios
931 4219 1009 4266 vero
1032 4194 1202 4264 interdurn
1232 4197 1344 4288 iuopia
1369 4219 1403 4263 ra
1430 4198 1459 4262 it
1480 4217 1583 4285 mors,
1614 4212 1655 4262 ut
1683 4193 1771 4262 dum
1797 4194 1880 4264 aliis·

292 4290 500 4376 inserviunt,
524 4291 681 4382 opinione
704 4291 804 4359 cirita
825 4299 1080 4370 consumantur,
1107 4286 1336 4356 tenuissimam
1360 4309 1398 4353 su
1440 4288 1597 4370 tantiam,
1617 4282 1710 4377 quod
1733 4282 1874 4354 eruditis

292 4385 352 4452 lroc
375 4383 509 4450 sacculo
528 4380 688 4450 familiare
710 4399 778 4464 est,
802 4380 875 4449 suis
892 4379 1130 4469 relinquentes.
1147 4377 1221 4447 lton
1238 4377 1401 4484 injustum
1418 4375 1674 4444 existimandum
1687 4387 1755 4457 est,
1771 4374 1873 4446 etiam

292 4488 517 4566 postmortem
533 4472 730 4542 meritorum
746 4473 896 4566 aliquam
910 4469 1033 4537 babere
1049 4468 1223 4538 rationem.
1241 4469 1330 4536 Hinc
1345 4466 1519 4559 Principes
1533 4489 1570 4534 ac
1584 4464 1818 4557 Magistratus,
1835 4487 1875 4536 ut

292 4579 325 4630 et
348 4587 423 4654 erga
447 4563 596 4632 defuncti
621 4561 815 4633 &ardens
829 4585 940 4630 manes
963 4555 1202 4653 gratitudinem
1225 4569 1503 4640 contestarentur,
1520 4569 1553 4624 et
1568 4553 1805 4624 defunctorum
1822 4558 1875 4624 ri·

290 4655 367 4722 duis
390 4679 426 4722 aa
449 4656 565 4722 liberis
587 4653 705 4721 solatio
725 4665 849 4736 essent,
873 4675 932 4744 par
954 4673 1083 4718 annum
1106 4649 1215 4720 adhuc
1239 4649 1306 4718 illis
1339 4647 1526 4717 facultatem
1556 4645 1764 4752 percipiendi
1791 4647 1874 4716 sala-

292 4746 382 4810 rium
404 4745 553 4813 deftrneti
577 4768 619 4812 er
643 4743 806 4837 singulari
853 4743 934 4810 ratia
957 4755 1196 4809 concesserunt.
1220 4740 1305 4808 lude
1319 4761 1429 4807 annus
1466 4737 1566 4805 ratiae
1579 4736 1743 4830 originem
1756 4736 1875 4824 babet,

292 4859 361 4926 quo
385 4837 522 4902 nomine
545 4834 732 4926 praefatum
749 4767 944 4901 hercinium
964 4832 1186 4900 communiter
1203 4829 1414 4986 insignimus.
1433 4763 1536 4919 {uod
1551 4829 1658 4921 ipsum
1676 4826 1876 4898 beneficium

291 4951 366 4993 curn
393 4949 458 4992 uon
482 4937 613 4991 tantum
637 4927 893 5018 aequissimum,
917 4921 976 4990 sed
997 4921 1134 5010 insuper
1158 4923 1195 4989 in
1219 4947 1263 4992 ru
1278 4945 1341 5013 gua
1363 4938 1498 5008 notum,
1521 4942 1591 4988 non
1615 4917 1736 4986 inutile
1753 4942 1806 4986 me
1822 4917 1877 4986 fa·

291 5031 422 5086 cturum
445 5016 615 5096 existimo,
639 5019 666 5084 si
690 5015 839 5083 eamdem
863 5014 1033 5080 materiam
1058 5035 1098 5077 ex
1115 5013 1215 5081 variis
1237 5009 1430 5080 auctoribus
1441 5009 1626 5094 collectam,
1642 5020 1675 5074 et
1690 5009 1728 5076 in
1743 5021 1886 5076 certum,

291 5107 446 5174 ordinem
473 5105 664 5192 redactam,
683 5106 830 5174 exercitii
860 5101 1032 5170 academici
1062 5125 1156 5168 causa
1191 5101 1343 5196 publicae
1372 5099 1594 5192 disputationi
1619 5097 1809 5190 subjaceret
1838 5117 1879 5168 tu
1928 5142 1933 5150 ·

293 5199 392 5266 lector
415 5197 591 5282 benevole,
614 5200 726 5264 omnia
743 5199 778 5263 in
795 5196 954 5286 optimam
980 5193 1248 5283 interpretaberis
1271 5205 1414 5283 partem,
1439 5189 1591 5282 mihique
1606 5202 1646 5257 ut
1660 5187 1806 5268 bomini,
1830 5193 1883 5256 st-·

291 5290 367 5356 cubi
395 5289 472 5356 ltinc
496 5289 576 5354 inde
599 5301 744 5356 erratum
770 5287 890 5370 fuerit,
915 5285 1048 5352 veniam
1072 5281 1268 5366 faciliorem,
1294 5283 1320 5350 si
1345 5283 1418 5371 ipse
1441 5292 1475 5348 tc
1498 5279 1670 5350 bominem
1692 5301 1762 5346 esse
1785 5280 1886 5372 cogi-

295 5381 429 5470 tuteris,
453 5380 614 5475 largieris,
640 5379 692 5449 Sit
715 5380 829 5474 itaque
851 5375 1111 5444 clementissimo
1134 5371 1278 5444 lfumine
1301 5370 1533 5442 benedicente.
