4504 6344
338 534 389 585 2..
703 533 750 586 222
768 529 946 588 2222222.
965 529 1145 588 emulus
1163 531 1408 588 2222222222.
1609 522 1616 538 ·
1725 540 1784 596 2.·

267 641 288 699 t
306 636 405 690 docere
427 627 503 702 2Ιῖ
517 649 552 686 222
563 629 626 704 puis
643 651 703 689 22222
717 633 803 706 quiin
816 634 938 704 1222222.
951 630 1032 703 Carp-

265 740 321 775 222.
338 737 368 790 p.
387 730 449 770 2.2.
472 729 512 772 22.
530 715 586 787 def.
607 730 648 772 ts.
670 735 698 770 2.
724 730 748 772 2.
771 718 806 774 Et
832 718 897 772 bine
916 718 1032 786 aliquem

263 824 317 860 non
336 821 394 858 esse
407 803 520 856 divitem
537 801 577 855 rel
594 819 653 856 esee
669 821 814 874 paupercus
829 803 957 865 2222222221
968 821 1031 872 pro·

264 892 339 948 122212
358 891 450 961 utique
472 889 608 942 incumbit
633 905 691 960 erg.
709 892 741 945 ἱ.
755 888 816 961 fin.
830 886 873 960 Ι
891 891 925 946 de
942 889 1032 946 lider.

265 989 377 1044 agnosc-
394 991 454 1027 cuns
473 984 613 1044 paupertas
637 971 689 1025 hoc
707 988 768 1026 nasu
786 973 824 1026 sit
840 989 916 1028 causa
942 972 1030 1026 inteu-

266 1059 366 1125 tiouis,
379 1075 431 1128 qua
450 1067 543 1110 eontra
560 1053 744 1124 fliejuasorera
757 1054 873 1110 creditor
884 1053 1033 1127 experitura

268 1143 343 1197 ruta.
365 1141 476 1196 Parion.
494 1142 529 1195 12
545 1139 654 1212 produt.
666 1139 714 1194 111.
735 1151 758 1192 2.
776 1158 799 1194 2.
812 1149 854 1194 22.
866 1157 893 1192 n.
911 1135 1034 1209 22222221

265 1247 297 1282 eu
311 1228 400 1280 minus
412 1226 481 1280 ioret
494 1223 621 1292 dubium,
635 1225 721 1280 211222
733 1222 932 1290 admiserimus,
945 1237 1031 1278 22222·

264 1324 338 1376 2222,
356 1309 427 1383 qssod
438 1327 470 1363 ea
482 1309 699 1380 praesumptione
716 1309 785 1378 juris
802 1307 918 1378 quilibet
930 1309 1033 1360 sollen-

265 1401 299 1452 dc
316 1395 379 1452 'esse
397 1407 597 1467 praesumatur,
609 1397 680 1448 sicut
697 1395 745 1448 huc
763 1396 848 1448 soluit
860 1396 938 1448 Rutu.
956 1394 1032 1450 Gors-

263 1487 307 1540 sil.
327 1497 369 1539 22.
387 1503 416 1537 n.
437 1494 459 1536 t.
477 1499 545 1536 2222.
567 1484 647 1552 Quod
659 1495 750 1537 2222222
769 1484 894 1537 column.
915 1481 1031 1535 2112212

263 1568 395 1624 creditore
420 1565 527 1622 firtnsrn
552 1568 712 1641 principalis
738 1570 897 1623 solutionem
923 1567 1031 1636 neganti

262 1655 354 1724 utique
371 1653 421 1706 lton
438 1653 492 1704 erit
509 1653 675 1722 probandum
695 1653 726 1706 B.
748 1655 800 1706 tto.
820 1652 913 1724 Carpe.
932 1653 986 1706 11.
1000 1671 1029 1705 22.

267 1753 291 1790 2.
310 1737 428 1790 Francus
446 1739 480 1789 212
498 1735 633 1806 majora.
653 1755 675 1791 c.
697 1749 722 1789 2.
739 1755 768 1790 22.
788 1749 847 1790 sss.

299 1823 355 1875 lloc
375 1819 535 1874 beneficium
556 1823 640 1875 locum
661 1837 714 1876 222
728 1831 860 1884 meretur,
874 1822 974 1890 quoties
986 1819 1030 1872 in·

264 1914 303 1958 ter
327 1915 500 1966 mercatores,
519 1923 681 1978 campsores,
708 1905 879 1969 nauclerios,
904 1923 1030 1958 numanu-

262 1988 341 2042 lnrios
360 1990 429 2042 oder
447 1991 585 2042 Weedsier
599 1989 729 2059 qsssddans
747 1988 858 2043 ses-titur
877 1990 1027 2060 uqotium,

260 2075 289 2127 in
308 2093 360 2144 quo
385 2085 482 2127 asserto
508 2075 567 2128 nn.
586 2073 643 2127 lere
666 2075 699 2126 ad
718 2092 799 2128 unum
823 2091 918 2127 omnes
934 2074 1029 2146 depre-

260 2159 349 2212 hendo
369 2157 563 2213 consentieutes
582 2160 669 2228 Myos.
686 2169 756 2212 22222
777 2159 878 2212 22122.
900 2170 940 2212 22.
954 2179 983 2213 22.
1001 2171 1026 2212 t.

267 2255 293 2298 et
312 2261 378 2314 quus
397 2245 459 2300 citat
478 2245 599 2298 Vincent.
616 2243 709 2298 62222.
728 2246 762 2298 12
781 2247 899 2298 Breues.
917 2243 981 2298 ben.
998 2263 1026 2314 p.

262 2339 285 2380 2.
305 2349 330 2400 q.
356 2339 396 2381 22.
417 2347 444 2381 n.
467 2341 490 2382 t.
508 2339 535 2382 22
554 2339 578 2382 2.
596 2327 714 2382 112211212.
729 2349 756 2399 p.
778 2341 802 2381 2.
826 2329 913 2383 conci·
935 2338 977 2381 at.
997 2349 1028 2382 22.

260 2423 302 2467 22.
321 2412 447 2484 Carpzor.
464 2433 491 2484 p.
511 2426 536 2466 2.
553 2433 576 2468 2.
594 2425 638 2466 22.
656 2414 713 2486 def
726 2427 752 2467 2.
768 2415 839 2470 Gaii.
860 2427 884 2469 2.
905 2415 968 2469 ota.
983 2424 1025 2468 22.

262 2509 304 2549 22.
326 2498 366 2551 112
385 2501 489 2552 ratione
506 2499 614 2570 quidem
632 2499 704 2554 iuter
722 2517 766 2554 ecs
785 2517 838 2555 uon
862 2517 946 2571 seque
964 2519 1027 2554 ocu-

257 2593 318 2636 stat.
340 2582 388 2636 1112
409 2593 499 2638 tamen
518 2605 533 2638 a
552 2583 679 2639 bacchor.
706 2585 745 2638 ud
773 2586 904 2639 12222122.
921 2587 979 2638 vul.
1001 2597 1026 2638 2.

255 2667 321 2737 disp.
343 2661 384 2718 22.
406 2669 475 2721 21222.
497 2680 521 2720 2.
545 2668 623 2722 2121.
642 2669 810 2744 suppeditata
834 2670 902 2722 mibi
929 2670 1029 2725 arridet

254 2753 347 2808 verior.
368 2753 398 2805 ln
419 2751 479 2805 1222
504 2765 674 2808 mercatorum
693 2763 838 2826 propterea¹
860 2754 1027 2810 2222222122-

238 2835 384 2892 'neiicium
412 2836 605 2904 montenonis,
624 2838 695 2908 quod
725 2855 830 2910 semper
855 2839 933 2892 tacite
958 2836 1027 2894 iacta

255 2931 439 2992 praesumatur
462 2922 647 2985 renunciatio,
666 2940 727 2975 curu
753 2924 870 2976 22221222.
894 2932 1026 2975 mercato-

254 3023 313 3060 rum
332 3007 457 3070 intersit,
476 3007 616 3076 pecuniam
636 3006 734 3060 habere
751 3018 917 3077 promptam,
938 3025 971 3062 ue
990 3005 1024 3060 fi-

257 3093 304 3146 des
323 3109 416 3144 eorum
436 3091 615 3162 periclitetun
634 3091 683 3144 Cui
702 3105 726 3146 22
745 3092 876 3163 publiursn
898 3093 1023 3163 suffraga-

253 3187 294 3230 tnr
315 3177 502 3240 cosrtmodum,
527 3197 579 3249 quo
604 3186 632 3230 22
663 3178 777 3232 liberior
798 3179 1023 3234 commerciorum

256 3261 355 3316 2212122
380 3279 456 3328 usus,
484 3261 536 3315 Dn.
556 3261 681 3332 Carpere.
703 3281 730 3332 p.
756 3271 779 3313 2.
798 3283 821 3318 2.
852 3275 893 3316 22.
918 3264 975 3336 des.
994 3285 1022 3320 22.

255 3359 296 3402 tc.
315 3351 385 3418 qnod
405 3361 432 3402 et
450 3351 479 3402 in
501 3350 578 3403 Praxi
598 3349 813 3426 comprobatum.

291 3434 373 3486 Porro
393 3431 554 3488 beneficium
580 3435 745 3490 excussionis
769 3445 854 3489 cessat
879 3453 912 3489 22
937 3437 1023 3507 ipsios

255 3516 420 3588 fidejussoris
440 3519 529 3583 iacto,
548 3519 573 3572 si
593 3536 688 3590 nempe
714 3515 895 3588 fideiussorem
914 3540 1023 3593 negare-

254 3607 306 3667 rit,
327 3615 388 3656 tnnc
406 3605 479 3657 enim
499 3605 522 3657 si
542 3603 674 3658 mendacii
696 3602 775 3658 122212
792 3605 915 3676 legitime
931 3608 1021 3664 convi-

256 3698 332 3752 ctus,
351 3684 481 3740 1222211212
505 3688 555 3742 1222
581 3687 698 3757 amplius
719 3687 771 3742 sibi
796 3690 935 3744 consulere
953 3691 1021 3744 lrnud

253 3773 367 3826 aeluserit
387 3775 418 3824 l.
437 3771 585 3826 2112211122
607 3786 648 3826 22.
667 3779 689 3834 §-
712 3787 734 3824 2.
739 3770 780 3841 Ι
799 3773 970 3844 destdrp'uss.
989 3777 1026 3828 21

252 3876 304 3928 quc
325 3868 396 3911 textu
416 3855 573 3911 beneiicium
594 3857 703 3928 quidem
728 3857 871 3912 divisionis
891 3861 925 3912 cb
943 3877 1021 3931 nega·

255 3943 310 3996 2221
332 3939 534 4010 fidejussionem
547 3939 616 3994 mibi
631 3940 735 3995 ridetur
745 3941 935 4010 amittendum,
949 3961 1020 3998 ccm-

260 4029 374 4083 muniter
393 4037 484 4079 tamen
501 4049 514 4079 a
535 4027 595 4079 111).
608 4025 679 4079 idem
693 4027 724 4078 ad
739 4026 790 4080 itoc
804 4025 1019 4083 12222112122222-

253 4115 379 4168 tenditur.
398 4113 472 4167 Fttir.
501 4111 607 4166 Parian-
633 4111 668 4165 212
686 4113 795 4184 probet.
815 4113 861 4166 111.
889 4125 911 4166 t.
934 4133 956 4166 2.
978 4128 1018 4169 22.

253 4223 280 4255 ss.
302 4213 343 4252 tt.
361 4201 420 4250 Vni.
438 4197 532 4250 Fratre.
551 4199 577 4251 d.
594 4216 617 4251 c.
639 4211 662 4251 2.
683 4218 711 4251 22.
732 4207 792 4251 tot.
812 4199 892 4268 Vasq.
913 4200 1016 4254 Illusrr.

251 4297 335 4340 contr.
351 4295 422 4356 part.
452 4297 474 4337 2.
488 4300 510 4336 2.
526 4295 566 4336 22.
582 4301 610 4336 n.
629 4283 664 4335 11.
684 4283 799 4338 1212222.
824 4281 964 4337 (1222121222
983 4287 1018 4340 de

251 4368 375 4422 2222222212.
393 4364 453 4433 stip.
472 4383 494 4419 c.
516 4378 540 4416 s.
559 4367 646 4419 conci.
668 4379 692 4418 2.
711 4387 740 4420 rs.
758 4365 953 4420 1221122221.
968 4368 1017 4423 Ca·

251 4454 353 4507 222212
372 4449 492 4502 Bacass.
512 4449 577 4502 hon.
599 4469 625 4522 p.
646 4461 670 4502 2.
689 4471 716 4523 q.
741 4463 784 4504 st.
803 4469 830 4502 2.
853 4461 874 4502 t.
899 4449 966 4504 Cum
988 4454 1017 4506 12

250 4540 324 4606 jure,
346 4551 380 4589 ne
404 4533 509 4586 ratione
532 4532 603 4588 i'orte
632 4545 723 4589 nostra
747 4532 872 4588 destituta
895 4533 1016 4589 rideatur

249 4620 397 4683 sententia,
418 4617 574 4673 tralatitium
593 4619 642 4684 212,
660 4617 731 4690 quod
756 4633 853 4688 negans
880 4617 925 4682 id,
943 4619 1014 4689 quud

251 4715 292 4760 est
309 4721 385 4757 222222
404 4704 445 4757 2221
465 4701 614 4776 privilegii,
629 4721 657 4758 se
676 4704 815 4776 privilegio
833 4703 928 4758 reddat
946 4704 1015 4756 todi·

248 4807 342 4858 gnunu
361 4788 439 4841 Vino.
466 4789 556 4842 Carne.
575 4792 607 4843 21.
634 4791 666 4858 Q·
689 4803 730 4844 22.
756 4792 816 4843 1222
843 4807 905 4842 sero
927 4789 1013 4859 ipsam

247 4887 347 4940 negans
365 4867 580 4939 fidejussionem,
598 4871 797 4928 fundamentum
807 4889 819 4936 ,¹
834 4873 878 4925 cui
890 4873 1013 4941 exceptio

247 4955 420 5010 Excussionis
434 4955 577 5021 innititur,
591 4956 674 5020 tollit,
694 4965 724 5010 ut
743 4957 783 5010 sic
803 4955 969 5028 postmodum
984 4975 1013 5010 ea

249 5043 290 5094 uti
311 5042 425 5093 minime
443 5039 537 5111 possit.
550 5040 664 5094 interim
685 5041 734 5094 1222
753 5050 856 5096 2222222
875 5039 1013 5094 uidebatur

246 5123 338 5188 dubii,
351 5127 423 5194 quod
442 5141 526 5195 poena
545 5125 607 5177 haec
626 5123 758 5177 mendacii
772 5125 803 5178 ad
816 5141 890 5177 casus
909 5126 1013 5192 injure

247 5226 299 5268 non
320 5225 458 5279 expressos
476 5225 529 5261 non
549 5209 586 5263 sit
604 5209 769 5262 extendenda
794 5211 825 5263 L.
849 5209 1012 5278 perspicien-

246 5291 310 5343 dum
335 5305 374 5344 22.
384 5288 426 5360 ff.
446 5289 478 5343 212
495 5309 578 5361 poen.
597 5294 629 5348 C.
649 5291 715 5344 odic
735 5293 821 5344 22212
840 5295 874 5347 12.
892 5294 922 5345 J.
941 5293 969 5346 in
987 5306 1010 5346 2.

246 5375 325 5425 l'nde
342 5375 404 5443 quia
425 5373 521 5426 nullibi
542 5375 601 5428 talis
619 5375 734 5444 privatio
745 5391 884 5444 expressa,
902 5371 1011 5426 222112-

244 5477 287 5512 ma
301 5459 354 5512 erit
364 5458 512 5530 urgurnenti
530 5457 594 5514 haec
613 5459 744 5515 deductio.
760 5457 812 5514 Sed
824 5466 1007 5532 praeterquam

1083 629 1154 702 quod
1173 632 1390 702 generalis-illius
1401 635 1506 704 regtrlae‘
1517 631 1667 692 intellectas
1686 651 1739 692 2222
1757 651 1858 712 aequet·

1083 734 1184 788 quaque
1203 717 1232 770 iu
1251 719 1310 785 jure
1333 719 1471 789 procedat,
1490 739 1549 774 cusu
1568 731 1596 776 et
1621 725 1741 794 poenalia
1760 725 1847 780 inter·

1085 802 1150 854 dum
1168 801 1278 860 extendi
1296 820 1373 876 posse
1391 803 1533 860 2222112212
1551 803 1642 862 doceat
1669 811 1804 864 22222212
1823 831 1865 866 c.»

1090 894 1113 938 2.
1131 883 1161 938 in
1174 883 1234 956 fin·
1255 895 1281 940 2.
1300 887 1386 942 ratae.
1407 897 1449 942 22.
1467 888 1563 944 merito
1580 889 1627 944 bic
1637 891 1709 946 inter
1719 893 1848 950 2121222222

1086 979 1113 1024 et
1131 987 1164 1024 22
1180 973 1283 1026 ratione
1300 974 1367 1044 legis
1384 973 1524 1030 2222112222
1536 969 1667 1033 oriundas
1684 979 1848 1052 distinguen-

1086 1054 1150 1110 dum
1171 1058 1323 1113 censuerim
1342 1059 1520 1114 extensiones·
1539 1062 1610 1117 illae·
1621 1063 1710 1134 utique
1728 1066 1849 1136 probibi-

1083 1151 1132 1196 tae.
1151 1141 1289 1197 trassero
1307 1161 1376 1212 non,
1395 1159 1455 1198 oum
1475 1145 1563 1217 potius
1582 1147 1749 1218 2221212ςί2,
1768 1169 1862 1221 quum

1082 1228 1275 1291 grammaticus
1306 1228 1445 1284 verborum
1473 1230 1628 1286 intellectus
1659 1233 1848 1290 attendendus.

1083 1307 1158 1366 Fuir.
1177 1312 1282 1366 Pauian.
1298 1315 1324 1366 1.
1342 1332 1364 1367 c.
1389 1325 1428 1366 22.
1447 1335 1474 1369 22.
1495 1316 1695 1372 22.·(122222222
1709 1319 1849 1390 'quae-pru

1082 1392 1247 1481 limitatione
1263 1397 1296 1450 ad
1316 1398 1386 1452 bane
1401 1402 1584 1469 quaestionem
1601 1401 1693 1456 afferri
1711 1417 1846 1475 poterant,

1081 1478 1189 1532 tractari
1209 1479 1254 1534 bic
1273 1481 1325 1534 luci
1353 1484 1472 1538 22122222
1497 1485 1669 1552 induxeram,
1686 1505 1778 1543 rerum
1804 1491 1849 1544 di·

1082 1563 1246 1632 sperationis
1273 1567 1413 1637 prolixitas
1443 1573 1569 1626 exercitii
1594 1574 1737 1628 academici
1764 1585 1850 1631 metas

1081 1659 1276 1718 transgressum
1298 1671 1369 1706 2222
1389 1656 1523 1725 proposito
1542 1667 1658 1722 resecat.
1672 1670 1702 1712 nt
1719 1660 1783 1716 iude
1796 1681 1849 1716 me·

1010 1747 1018 1770 ·
1080 1743 1135 1786 ruet
1153 1731 1267 1786 12211222
1288 1736 1433 1790 remittere
1450 1741 1595 1814 compellar
1607 1735 1765 1814 adllering.
1783 1749 1814 1800 21.1
1823 1766 1846 1799 2.

1081 1826 1238 1871 21.22.222
1268 1831 1295 1872 22
1311 1836 1385 1892 seqq.

1121 1901 1176 1956 ttae
1195 1899 1339 1972 fideiussor
1357 1906 1471 1962 debituri
1491 1925 1542 1964 ree·
1555 1911 1698 1968 succedens
1715 1914 1747 1967 ad
1766 1915 1846 1970 heac
1884 1929 1913 1971 22

1079 1982 1136 2040 ficii
1159 1986 1237 2055 hujus
1255 1989 1385 2042 auxilium
1407 1991 1515 2046 babebit
1533 1995 1665 2064 refragium
1684 2000 1717 2052 L·
1725 1997 1847 2070 fidejus-

1076 2071 1153 2124 soris
1173 2083 1215 2124 22.
1232 2073 1448 2147 1121121222.
1466 2080 1499 2132 1·
1511 2079 1673 2134 1121122212.
1689 2085 1845 2155 2112222222.

1077 2177 1109 2226 ep
1126 2159 1199 2212 enirn
1220 2178 1280 2215 casu
1300 2179 1353 2218 nors
1372 2175 1400 2216 ut
1418 2161 1643 2234 fidejussor,-sed
1659 2180 1691 2223 ut
1708 2172 1845 2240 legitimus

1078 2245 1214 2298 tenebitur
1231 2245 1324 2301 haeses
1342 2252 1374 2302 L.
1396 2249 1519 2304 Debitor.
1539 2260 1562 2304 2.
1573 2252 1660 2316 princ·
1664 2253 1706 2322 Ι.
1717 2257 1750 2309 212
1765 2272 1844 2324 222222-

1076 2339 1130 2382 2222.
1150 2331 1182 2381 ι.
1200 2329 1227 2382 21
1242 2347 1319 2384 22222
1331 2344 1372 2382 22.
1385 2329 1427 2399 ff
1446 2333 1586 2388 1212221.
1614 2337 1676 2390 2212.
1695 2341 1726 2392 L.
1745 2338 1858 2392 2121222·

1081 2427 1125 2468 22.
1139 2415 1228 2484 prices
1245 2427 1272 2470 et
1289 2416 1317 2470 in
1327 2415 1385 2488 fin.
1394 2414 1437 2486 Ιῖ
1447 2418 1480 2471 12
1491 2421 1577 2474 Sedet.
1591 2417 1759 2490 fidejussoria
1771 2425 1860 2478 enim·

1076 2499 1212 2569 obligatio
1238 2501 1277 2560 sic
1302 2520 1350 2572 pru
1369 2501 1560 2568 haereditaria,
1579 2507 1649 2560 seire
1675 2509 1784 2562 interim
1804 2527 1859 2562 re-v

1075 2594 1200 2640 manente
1219 2586 1380 2656 principalig
1400 2600 1472 2658 parte
1489 2589 1600 2642 enititur
1618 2595 1651 2646 Ι..
1670 2593 1846 2648 Generaliter

1076 2683 1100 2723 2.
1119 2674 1151 2726 B
1169 2690 1230 2726 22222
1250 2669 1846 2744 2222222]12]12]’2222.12122212.1·“22ι2-

1077 2775 1124 2810 cus
1141 2758 1176 2809 12
1187 2755 1317 2827 fide'J'ass.
1336 2775 1358 2810 c.
1380 2771 1404 2808 2.
1422 2775 1454 2810 22.·
1472 2757 1669 2813 222-11221222
1688 2759 1760 2812 euim
1778 2781 1843 2833 qna-

1078 2841 1201 2894 litatibus
1214 2839 1466 2912 incompatibilibus
1478 2839 1555 2912 quasi
1568 2840 1615 2911 (ut
1632 2841 1796 2915 ita-loquar)
1816 2847 1844 2900 iu
1857 2881 1859 2887 ·

1076 2945 1130 2979 uno
1139 2926 1372 2980 'conuenientibus
1389 2937 1461 2990 2222,
1474 2927 1625 2998 potentior,
1638 2941 1663 2981 et
1680 2931 1786 3001 plenior
1800 2933 1843 2983 in-

1074 3007 1192 3062 iirrniuri
1212 3023 1321 3078 semper
1342 3011 1474 3078 praemiet
1491 3013 1525 3064 L·
1543 3013 1592 3082 qui
1606 3007 1694 3066 ’122122
1706 3023 1741 3066 ’2.
1748 3014 1790 3084 ff
1808 3017 1844 3068 12

1079 3094 1168 3148 122221.
1187 3094 1321 3148 Potentiur
1337 3103 1423 3147 autem
1436 3103 1465 3147 et
1477 3093 1583 3164 plenior
1596 3095 1642 3150 1212
1655 3097 1752 3150 merito
1764 3099 1842 3168 prin·

1073 3179 1168 3249 cipalis
1192 3189 1233 3231 est
1257 3179 1328 3232 1.«1.
1350 3179 1520 3248 generaliter
1539 3193 1563 3233 2.
1589 3197 1631 3232 222.
1653 3199 1703 3235 nee
1721 3185 1794 3236 enim
1813 3195 1844 3238 et

1073 3263 1199 3317 Guthoir.
1228 3261 1268 3316 ad
1290 3264 1317 3317 1.
1341 3268 1373 3318 Ι.
1398 3265 1608 3333 2222221122122
1633 3269 1751 3320 notius!
1765 3270 1842 3322 verb.

1072 3346 1237 3403 accersionis
1255 3348 1337 3401 modo
1357 3359 1465 3418 utraque
1480 3348 1608 3417 obligatio
1623 3349 1701 3403 luerit
1718 3347 1796 3404 lirroa
1809 3365 1849 3407 at·-

1070 3448 1130 3504 qne·
1140 3427 1237 3485 eiiicax
1262 3431 1321 3484 Vai.
1340 3430 1434 3486 Franc·
1457 3433 1490 3486 12
1497 3429 1627 3503 211212222-
1652 3451 1677 3486 2.
1690 3465 1693 3472 ·
1706 3447 1730 3488 2.
1743 3455 1778 3489 22.
1799 3451 1841 3490 22.

1070 3518 1124 3570 2121
1144 3516 1215 3570 sorte
1239 3527 1262 3568 2.
1272 3531 1358 3587 super
1375 3516 1423 3570 tuo
1442 3515 1791 3586 obligationefidejussorit
1807 3523 1841 3575 112

1071 3601 1154 3654 1222212
1171 3610 1317 3656 contestata
1338 3603 1368 3654 L.
1386 3606 1553 3656 1222222222.
1562 3600 1649 3670 fflde
1660 3604 1705 3656 1212
1722 3607 1770 3674 qui
1781 3609 1838 3660 2221

1070 3685 1170 3756 iusum.
1190 3695 1282 3738 222222
1309 3685 1382 3738 euim
1406 3683 1592 3753 fideiusiurem
1619 3685 1663 3740 lite
1682 3698 1858 3756 contestata,⁴

1070 3771 1092 3823 21
1111 3767 1319 3838 11121222222222
1340 3771 1509 3836 successerit,
1530 3787 1583 3823 nou
1602 3781 1742 3842 optasset,
1761 3776 1837 3841 qtrssi

1069 3855 1189 3910 extincta
1214 3853 1380 3921 obligatione
1403 3853 1564 3919 2222222212,
1590 3871 1684 3910 noram
1716 3856 1840 3912 12212222

1072 3938 1220 3992 instantiam
1242 3936 1356 4004 1122122.
1374 3939 1408 3992 de
1416 3937 1548 4008 fidejuss.
1568 3958 1590 3993 2.
1606 3951 1648 3992 22.
1661 3935 1685 4009 §-
1704 3951 1742 3992 22.
1753 3960 1781 3996 22.
1798 3955 1859 3996 22.-

1068 4024 1113 4076 221·
1129 4021 1183 4074 2121
1201 4031 1225 4072 2.
1241 4021 1350 4075 12221112
1369 4022 1532 4092 principalis
1551 4033 1675 4092 argtutnr
1692 4023 1839 4095 obligatio,

1068 4105 1159 4160 eodem
1174 4104 1245 4158 euim
1261 4103 1298 4158 lta
1314 4101 1497 4174 fidejussionis
1515 4107 1621 4161 2122212
1641 4119 1761 4164 22222222
1772 4111 1841 4164 21211·

1067 4203 1142 4261 ganas
1170 4193 1204 4244 l.
1235 4189 1333 4244 1222222
1360 4201 1405 4242 22.
1430 4191 1503 4258 pund
1525 4189 1552 4242 21
1568 4187 1645 4258 2.Ι.
1670 4189 1704 4244 12
1710 4190 1840 4262 fidejnss.

1067 4276 1117 4328 rui.
1130 4286 1161 4328 2.
1175 4271 1229 4326 nisi
1250 4271 1370 4325 naturali
1381 4283 1482 4326 tanturn
1494 4273 1654 4343 obligationi
1667 4273 1843 4330 1222212211ιί-

1066 4358 1140 4412 bitus
1160 4355 1220 4408 Val.
1239 4355 1357 4408 Frarscus
1377 4353 1410 4410 rie
1419 4353 1548 4425 fidejues.
1565 4375 1588 4410 e.
1608 4368 1633 4409 2.
1649 4373 1679 4410 222
1703 4367 1764 4412 222.’

1105 4439 1158 4494 Sed
1177 4439 1238 4508 qstia
1261 4437 1365 4490 mentio
1377 4439 1507 4493 naturalis
1516 4437 1689 4509 obligationis
1706 4439 1784 4495 122212
1799 4443 1839 4497 ia·
1875 4457 1907 4498 22

1064 4537 1118 4586 cta,
1139 4523 1188 4574 lsoc
1207 4523 1276 4574 sicco
1293 4521 1369 4591 quasi
1382 4520 1521 4590 pede·uon
1539 4521 1593 4576 erit
1604 4525 1837 4593 praetereundum.

1064 4611 1112 4660 An
1130 4605 1300 4676 fidejussori
1323 4622 1430 4676 qunque
1449 4621 1501 4675 pra
1526 4607 1694 4663 naturaliter
1714 4607 1837 4680 obligato

1066 4687 1246 4744 intercedenti
1269 4685 1431 4760 1222ςρ21222
1455 4689 1517 4744 1222-
1530 4692 1686 4760 competat?
1703 4708 1729 4743 e.
1744 4707 1784 4760 gr.
1804 4695 1834 4747 si

1064 4772 1199 4842 fidejussit
1218 4791 1266 4845 pro
1289 4775 1748 4848 ρυρ11122112222·2221222222222212
1767 4781 1835 4834 rarii

1062 4861 1137 4915 luris
1155 4861 1244 4914 nostri
1271 4869 1357 4916 testata
1383 4861 1465 4916 etiam
1484 4863 1517 4916 ab
1541 4862 1706 4934 obligatione
1723 4866 1837 4920 22222211

1061 4946 1176 5001 liberum
1204 4947 1401 5018 2222222122,
1420 4957 1549 5018 qnatenus
1574 4967 1610 5004 sc.
1637 4951 1682 5003 illa
1702 4953 1831 5006 naturalis

1062 5031 1193 5101 obligatio
1213 5035 1280 5088 tare
1304 5031 1385 5088 Civili
1409 5033 1703 5101 sortiatureb‘ectum,
1729 5055 1783 5090 non
1802 5057 1831 5090 o-

1063 5117 1161 5172 snaiuo
1181 5127 1285 5184 tamen,
1302 5129 1431 5190 quatenus
1444 5137 1497 5174 non
1513 5119 1545 5174 de
1563 5123 1675 5193 pupilli,
1688 5123 1735 5177 sed
1755 5127 1831 5178 tertii

1060 5200 1176 5268 alieuius
1192 5212 1283 5271 222222
1298 5201 1477 5273 praejudicio,
1491 5209 1641 5260 naturalem
1654 5207 1721 5262 bane
1733 5209 1832 5278 pupilli

1058 5285 1247 5354 obligationem
1267 5297 1358 5341 nostra
1379 5287 1532 5358 improbant
1544 5293 1617 5358 iuras
1630 5293 1749 5364 exempla
1770 5295 1828 5347 luce

1059 5371 1206 5424 meridiana
1224 5373 1338 5428 clariore
1362 5373 1563 5442 suppeditantur
1590 5375 1619 5428 122
1646 5379 1678 5429 l.
1702 5389 1721 5426 t.
1734 5379 1775 5446 ff
1794 5380 1829 5431 de

1058 5458 1157 5513 112222.
1174 5455 1198 5529 5.
1220 5471 1243 5512 2.
1262 5461 1331 5514 lust.
1352 5455 1455 5528 Quibus
1474 5457 1546 5510 22221.
1566 5461 1623 5514 toli.
1643 5461 1722 5531 otlig.
1737 5465 1768 5516 l.
1783 5472 1824 5513 tt.
