4424 6340
491 520 540 585 aa.
1037 519 1372 577 enooeurnu
1876 531 1925 598 ,42

415 626 481 680 tur.
506 605 556 678 lta
581 608 671 678 enirn
695 618 729 677 et
752 608 890 702 publico
913 609 1002 678 bono
1025 610 1253 680 consuleretur
1276 639 1316 680 ex
1339 638 1418 698 asse,
1442 625 1476 681 et
1505 615 1576 702 alii,
1591 619 1651 710 qui
1671 617 1819 687 eamdem
1841 622 1995 690 vitiorum

415 701 567 770 semitam
590 701 711 768 calcare
737 701 943 784 nitebantur,
967 699 1009 767 ad
1034 701 1162 794 lrugem
1186 704 1357 772 meliorem
1380 703 1634 776 deducerentur.
1659 710 1732 776 Non
1757 735 1834 802 ergo
1858 713 1994 780 trustra-

415 818 476 860 nea
493 793 558 858 erit
575 791 750 872 industria,
767 816 853 884 quae
869 792 999 858 delictis
1023 793 1268 882 perscrutandis
1293 794 1521 885 impenditur,
1537 798 1603 866 Nec
1619 799 1908 870 condemnendum
1924 818 1995 872 stu-

414 884 536 963 dium,
560 880 757 972 quodcirca
784 905 904 973 poenas
926 881 1035 948 cuivis
1062 881 1181 949 delicto
1214 883 1405 974 irrogandas
1433 903 1637 977 occupatum.
1662 889 1726 957 Nos
1748 915 1845 984 ergo,
1868 899 1929 987 qui
1952 897 1994 962 de

412 973 583 1040 Exercitio
606 973 802 1039 Academico
826 972 958 1040 solliciti
983 997 1113 1052 sumus,
1130 997 1172 1038 cx
1189 971 1243 1040 illa
1261 973 1458 1041 delictorum
1475 980 1611 1044 materia
1627 981 1803 1072 seligemus
1818 985 1993 1074 quaedam,

412 1089 482 1130 non
508 1062 692 1128 valeatoria
715 1087 753 1129 ac
776 1063 874 1130 obvia
899 1063 1035 1147 ubivist
1060 1061 1127 1128 Sed
1151 1063 1378 1153 frequentiora
1396 1065 1546 1156 quidem,
1571 1071 1596 1136 si
1624 1074 1899 1159 perpetrationem
1917 1099 1995 1142 con-

412 1155 549 1220 sideres=
567 1117 713 1220 llariora
737 1165 860 1228 tamen,
884 1153 911 1218 si
936 1153 1173 1220 tractationem.
1190 1153 1315 1220 Ansam
1332 1156 1521 1244 suppeditat
1545 1161 1640 1225 nohis
1657 1163 1822 1252 Ulpianus
1837 1164 1941 1232 JCtus
1957 1169 1994 1232 in

415 1241 464 1310 L.
491 1241 699 1312 Saecularii.
726 1267 758 1332 7.
770 1243 817 1333 ff.
843 1241 886 1308 de
916 1241 1113 1310 Extraord.
1146 1242 1257 1310 Crim.
1285 1245 1354 1311 Ubi
1378 1245 1640 1316 saeculariorum
1669 1265 1702 1317 et
1732 1252 1995 1324 Directariorum

412 1334 671 1400 machinationes
694 1335 841 1426 exponit.
867 1333 1020 1400 Crimina
1038 1333 1116 1398 haee
1132 1355 1193 1398 nec
1211 1333 1310 1398 hodie
1335 1334 1515 1426 incognita,
1532 1339 1587 1404 scd
1605 1342 1843 1433 llcqnentiora,
1867 1363 1991 1413 mutata

413 1437 522 1490 tamen
547 1423 726 1515 paulisper,
750 1447 786 1491 ac
809 1423 876 1488 alio
899 1423 1005 1490 colore
1027 1421 1203 1490 obfuscata.
1228 1421 1456 1514 Proponemus
1481 1441 1590 1494 tamen
1615 1433 1737 1521 species
1753 1433 1871 1500 horum
1890 1435 1993 1504 samo-
2092 1463 2097 1468 ·

412 1515 525 1580 siores.
551 1513 617 1581 Sed
642 1515 702 1580 hoc
726 1525 765 1578 ut
790 1537 829 1578 ex
854 1525 930 1580 voto
953 1513 1008 1578 fiat
1033 1537 1080 1616 ac·
1094 1511 1248 1616 feliciter:
1272 1515 1329 1580 Tu
1353 1538 1373 1580 o
1396 1515 1617 1609 Omnipotens
1632 1532 1665 1586 et
1682 1520 1840 1592 AEterue
1856 1526 1991 1617 DEUS,

414 1603 551 1674 Summe
575 1604 735 1672 scelerum
758 1601 905 1688 Vindex,
928 1603 1184 1672 clementissime
1208 1602 1371 1697 largiaris.

567 1783 678 1852 Verba
694 1783 833 1850 Textus.
851 1781 890 1848 L.
909 1781 1087 1849 Sacculnrii
1104 1807 1161 1850 vn.
1178 1781 1210 1847 ff.
1226 1781 1268 1849 de
1284 1781 1459 1852 Extraord.
1470 1784 1652 1855 Criminih.
1670 1791 1835 1884 Ulpianus

964 1873 1059 1941 Libr.
1077 1896 1108 1964 9.
1124 1871 1166 1940 de
1181 1871 1273 1940 Offic.
1290 1873 1443 1942 Procons.

461 2054 657 2125 Saecularii
680 2054 739 2148 qui
762 2055 891 2120 uetitas
915 2055 953 2119 in
976 2053 1114 2122 sacculo
1137 2069 1231 2121 artes
1255 2069 1462 2134 exercentes,
1473 2072 1612 2150 partem
1627 2059 1831 2146 subducunt,
1850 2082 1992 2158 partem

414 2147 644 2215 subtrahunt.-
666 2149 760 2228 item,
784 2151 842 2236 qui
864 2145 1048 2211 directurii
1070 2145 1308 2236 appellantur,
1325 2145 1387 2212 liae
1403 2161 1453 2212 est
1471 2148 1521 2230 ti,
1537 2152 1595 2240 qui
1617 2155 1654 2215 in
1677 2152 1791 2220 aliena
1806 2161 1991 2225 coenacula

414 2263 450 2306 se
474 2238 651 2328 dirigunt,
662 2234 823 2326 furandi
845 2239 984 2313 animo,
1006 2233 1189 2326 plusquam
1199 2238 1307 2320 fures
1325 2238 1496 2326 puniendi
1518 2254 1622 2322 sunt,
1644 2240 1836 2335 idcircoque
1858 2263 1921 2312 aut
1943 2249 1991 2314 ud

413 2347 545 2423 tempus
567 2333 604 2394 in
627 2351 713 2418 opus
735 2323 871 2392 dantur
894 2323 1091 2412 Putttcum,
1115 2341 1178 2392 aut
1188 2326 1348 2414 fustibus
1372 2331 1604 2418 castigantur,
1628 2348 1660 2396 et
1684 2329 1917 2421 dimittuntur,
1932 2356 1991 2406 out

414 2419 461 2486 ad
485 2433 618 2512 tempus
642 2417 852 2508 relegantur.

1047 2619 1293 2691 CAPUT
1338 2623 1366 2690 I.

714 2811 773 2900 De
799 2809 1084 2880 Saeculariorum
1107 2824 1140 2876 et
1163 2809 1431 2880 directariorum
1454 2811 1693 2909 descriptione.

597 3051 621 3102 ri*
640 3047 670 3102 Π
682 3043 720 3100 ll!
732 3043 770 3100 il!
783 3045 812 3097 A
831 3048 857 3099 R
874 3046 894 3098 1
909 3043 938 3099 A
1229 3040 1301 3110 Quid
1315 3045 1533 3101 Coenacularr'us
1549 3045 1678 3118 injure?
1696 3066 1724 3100 rr.
1743 3061 1787 3102 at.

728 3179 731 3186 ,
1229 3127 1413 3182 coenaculum
1432 3131 1567 3201 quomado
1587 3131 1631 3184 laic
1649 3129 1800 3200 accipitur?
1817 3150 1845 3186 n·
1867 3142 1909 3185 tt.

408 3219 483 3270 Loca
495 3211 569 3285 J'uris
586 3221 729 3278 notantur,
748 3210 794 3266 uti
809 3210 1000 3272 Saeculariar:
1024 3219 1050 3262 et
1068 3207 1172 3264 Direct.

436 3298 475 3368 fit
492 3297 595 3350 mentio
614 3315 642 3349 u.
664 3308 686 3348 t.
1117 3305 1122 3311 '
1261 3241 1357 3351 Duae
1375 3297 1594 3368 Delinapentiarn
1612 3297 1713 3370 species
1732 3307 1804 3364 eunt,
1821 3317 1888 3370 qaae
1900 3300 1929 3354 io
1942 3319 1988 3356 nc·

408 3381 564 3436 Saecularii
577 3380 651 3434 unde
668 3379 751 3432 dicti?
769 3397 797 3432 n·
819 3389 842 3428 2.
1224 3383 1353 3450 stratege
1370 3393 1560 3455 proponuntur,
1581 3384 1723 3438 saecularii
1741 3385 1844 3438 scilicet
1861 3396 1889 3439 et
1910 3386 1988 3440 Dire-

324 3520 327 3527 ,
412 3465 484 3532 Quid
499 3462 650 3520 Sacratae?
668 3481 695 3516 n.
718 3474 743 3514 t.
1225 3465 1312 3518 cterii.
1332 3465 1406 3534 Quae
1424 3463 1546 3520 vocabula
1565 3465 1655 3519 mitius
1670 3465 1844 3538 frequentate,
1856 3469 1921 3521 etin
1932 3469 1990 3537 jure

410 3551 484 3618 Quid
498 3550 527 3602 in
547 3548 662 3603 Saeculo
681 3546 803 3617 offerre?
820 3567 847 3602 n·
869 3558 892 3598 1.
1224 3555 1314 3600 nostro
1331 3546 1418 3600 rarius
1436 3547 1618 3618 reperiuntur;
1638 3546 1686 3612 Et,
1706 3558 1833 3618 quantum
1853 3549 1919 3600 mihi
1933 3553 1992 3620 qui-

409 3633 482 3701 Quid
498 3633 527 3684 in
536 3631 616 3699 sone
634 3627 742 3699 erstem,
763 3639 790 3685 et
807 3627 984 3701 quidsatlis?
1001 3649 1028 3683 n.
1050 3642 1073 3682 1.
1223 3629 1284 3682 dero
1302 3639 1415 3695 constat,
1433 3640 1572 3701 utrumque
1587 3631 1740 3686 vocabulum
1758 3633 1788 3684 in
1808 3631 1909 3685 duobus
1929 3643 1988 3686 tarr-

403 3717 494 3771 Fatlis
511 3717 577 3788 quid
590 3715 726 3788 significet
743 3714 773 3767 in
791 3713 900 3767 Rubric.
915 3711 979 3765 Cod.
999 3713 1031 3766 de
1052 3715 1168 3768 Praetor.
1222 3715 1360 3768 tummodo
1380 3715 1496 3769 textibus
1516 3715 1644 3781 habetur,
1664 3716 1695 3770 in
1714 3725 1804 3770 nostra
1822 3717 1841 3768 l.
1863 3713 1936 3784 nffi
1955 3718 1989 3772 de

443 3821 471 3852 n.
493 3813 516 3852 t.
1223 3799 1371 3853 Exti-cord.
1397 3797 1482 3855 Cn'm.
1502 3807 1529 3853 et
1546 3799 1575 3852 in
1594 3800 1612 3852 1.
1635 3796 1795 3872 151.βῖ
1814 3799 1847 3853 dc
1866 3799 1987 3870 Effract.

408 3884 465 3953 Qui
477 3883 659 3955 saccoptrori?
677 3901 705 3938 n.
726 3895 750 3938 1.
1221 3882 1333 3954 Ideoque
1349 3901 1456 3954 operam
1474 3899 1523 3936 nos
1541 3899 1594 3936 non
1613 3881 1764 3955 perdituros
1781 3883 1952 3949 arbitramur,
1964 3887 1988 3938 si

407 3969 462 4036 Qui
477 3969 621 4024 Saccarii?
639 3989 665 4024 n.
687 3979 711 4022 t·
1220 3968 1249 4020 in
1269 3967 1331 4020 haee
1348 3967 1471 4022 vocobula
1488 3967 1645 4022 accuratiori
1665 3967 1816 4032 scrutinio,
1835 3967 1881 4020 sed
1899 3968 1986 4022 breri-

408 4055 464 4120 Qui
479 4045 656 4119 θυλικόφοροι.
675 4072 701 4106 u.
723 4066 746 4106 1.
1220 4061 1269 4116 ter,
1289 4052 1459 4121 inquiramus.
1479 4051 1514 4104 Et
1530 4049 1638 4122 quidem
1658 4051 1800 4104 succidarii
1815 4069 1903 4106 rocem
1916 4053 1985 4123 quod

407 4139 463 4206 Qui
478 4136 642 4192 sacellarii?
660 4155 687 4190 n.
712 4149 752 4190 to.
1220 4140 1377 4204 concernit,
1402 4155 1447 4192 eos
1466 4155 1480 4189 a
1499 4137 1612 4190 saeculis
1631 4136 1673 4190 rel
1689 4136 1771 4190 saccis
1789 4134 1827 4189 ite
1845 4137 1987 4207 appellatos

402 4225 453 4275 An
472 4221 500 4272 in
520 4221 591 4290 lege
608 4228 705 4273 nostra
723 4219 868 4288 legendum
887 4217 1047 4275 calcularii?
1064 4242 1092 4275 n.
1115 4235 1154 4277 tt.
1219 4241 1285 4290 esse,
1303 4223 1444 4277 indubium
1462 4239 1543 4295 penes
1560 4236 1652 4274 omues
1670 4229 1724 4283 σοις
1744 4228 1771 4272 et
1789 4217 1894 4274 ridetur
1912 4219 1984 4273 idem

400 4306 445 4358 De
464 4303 647 4374 Swopborl'a
663 4319 745 4360 1111111
764 4303 829 4357 ibid·
1221 4314 1321 4366 'sextus
1345 4318 1436 4364 noster
1461 4309 1618 4371 insinuare,
1641 4305 1704 4358 dum
1731 4303 1814 4359 dicit:
1834 4305 1989 4360 Saecularii

401 4389 624 4444 saeculariorum
641 4387 791 4456 descriptio.
809 4407 837 4441 11·
860 4399 900 4440 ¹²·
1217 4407 1291 4461 sunt,
1310 4394 1358 4466 qui
1373 4393 1473 4449 uetitas
1490 4392 1518 4444 in
1536 4391 1646 4444 saccula
1662 4398 1736 4443 artes
1754 4397 1900 4450 exercent,-
1920 4389 1983 4441 Sac-

404 4472 478 4541 Quid
497 4482 642 4544 peterten
664 4471 766 4526 vetitas
789 4473 818 4525 in
843 4483 920 4528 textu
941 4472 1169 4545 intelligendum?
1219 4481 1292 4534 culus
1309 4489 1420 4543 eutem,
1445 4477 1596 4540 Crumena,
1614 4483 1641 4527 et
1658 4473 1827 4544 lilarsupium
1845 4471 1917 4526 idem
1937 4472 1986 4526 boc

436 4575 466 4609 n.
489 4568 528 4610 tt.
1219 4572 1310 4617 nostro
1328 4580 1388 4616 casu
1405 4557 1567 4632 significant,
1592 4557 1718 4612 videlicet
1742 4557 1930 4628 repositorium
1944 4559 1986 4610 rel

405 4642 478 4708 Quid
493 4640 642 4698 subducere
659 4653 685 4698 et
701 4639 880 4698 subtrahere?
898 4661 925 4694 n.
948 4653 987 4693 tt.
1218 4647 1427 4700 reeornlitorium
1452 4659 1637 4705 nummorum
1663 4641 1737 4696 Hinc
1757 4641 1786 4692 in
1804 4641 1822 4692 1.
1843 4637 1933 4708 ruffi
1953 4641 1985 4695 de

404 4727 490 4779 Venas
509 4728 656 4781 uerborum
676 4728 830 4782 intellectus
846 4725 1020 4795 proponitur.
1039 4746 1067 4780 n.
1089 4739 1130 4781 ts.
1207 4729 1282 4799 furt.
1300 4731 1408 4784 dicitnr.
1424 4729 1477 4798 Qui
1492 4747 1595 4782 saccum
1606 4725 1749 4779 habentem
1768 4726 1908 4798 pecuniam
1926 4743 1984 4778 sur·

398 4807 615 4863 Directariorum
633 4810 788 4880 descriptio.
808 4830 835 4862 n.
858 4821 897 4863 ts.
1218 4816 1293 4887 ripit.
1314 4813 1419 4868 Corrfer.
1439 4815 1459 4865 1.
1479 4824 1521 4867 11.
1540 4809 1564 4883 5.
1588 4809 1660 4880 aff
1677 4811 1737 4864 ead.
1757 4811 1776 4862 l.
1794 4810 1821 4864 si
1836 4811 1982 4863 sacculum.

399 4890 552 4944 Directurii
568 4893 639 4946 unde
658 4893 742 4948 dicti?
760 4913 789 4946 n.
810 4905 848 4947 11.
1219 4913 1259 4951 aa.
1269 4897 1309 4970 ff.
1330 4901 1428 4970 Depas.
1457 4897 1516 4966 Quo
1542 4913 1623 4948 sensu
1647 4897 1742 4948 Paulus
1760 4894 1843 4948 JCtus
1868 4892 1984 4964 rigidam

407 4974 512 5028 Variae
528 4974 657 5031 lectiones
675 4977 806 5032 vocabuli
828 4976 967 5032 directarii
984 4978 1163 5034 adducuntur.
1217 4983 1386 5036 Creditorum
1405 4981 1568 5034 exactionem
1587 4987 1698 5045 coercet,
1715 4977 1785 5048 quod
1802 4977 1921 5047 quamvis
1933 4979 1983 5030 De·

437 5077 465 5109 '¹-
487 5068 526 5110 Ν·
1215 5067 1316 5120 bitures
1334 5068 1425 5121 statim
1444 5065 1557 5119 debeant
1575 5066 1683 5129 solvere,
1702 5081 1756 5116 non
1776 5071 1865 5116 tamen
1884 5061 1982 5116 Credi·

400 5142 449 5194 An
468 5140 627 5200 directariru
645 5155 716 5200 recte
732 5143 805 5218 legat
824 5141 1033 5198 Hotomanus?
1052 5165 1071 5199 n
1105 5157 1145 5202 ts.
1216 5161 1286 5204 tores
1306 5151 1411 5204 eosdem
1431 5151 1523 5204 statim
1542 5167 1601 5203 curu
1621 5166 1694 5202 sacco
1720 5147 1796 5201 adire
1822 5147 1943 5200 debeant.
1962 5147 1981 5196 Ι.

405 5231 514 5283 Graeca
531 5230 752 5286 Directariorum
769 5237 940 5303 synonyma.
960 5249 988 5284 n.
1009 5241 1049 5286 20.
1220 5236 1300 5304 Quod
1315 5235 1436 5290 dicineus.
1458 5231 1560 5302 toust.
1573 5235 1696 5288 desolut-
1714 5232 1826 5303 Confer.
1845 5233 1863 5284 l·
1872 5225 1981 5302 firi-ff

401 5313 474 5380 Quid
489 5315 525 5368 rit
542 5317 572 5368 in
594 5318 753 5374 Coenacula
770 5317 909 5390 dirigere?
929 5335 955 5370 n.
977 5325 1017 5368 at.
1216 5321 1252 5374 ad
1261 5321 1279 5371 l.
1295 5320 1470 5374 commissor.
1484 5321 1519 5372 Et
1530 5319 1589 5383 huc,
1602 5337 1666 5389 quos
1684 5319 1811 5376 Juvenal.
1826 5323 1917 5388 suyr
1933 5317 1981 5372 IV·

402 5395 473 5462 Quid
488 5397 697 5454 coenaculum?
716 5420 744 5454 n.
765 5412 807 5453 11.
1218 5403 1304 5472 babet,
1323 5405 1452 5476 quadrant
1470 5419 1573 5460 sersus:
