4424 6340
299 493 332 545 rt
720 487 768 540 DE
787 483 1106 540 Dtttntn‘ttttont'nt
1128 485 1343 542 Gts'tntttts.
1710 489 1743 553 84

225 603 323 667 posset,
344 589 421 643 illum
441 605 488 656 ego
507 589 520 636 Ξι
538 581 765 637 Βιιιιιιιιιιίιιιιιιιι
790 583 906 634 erimine
931 593 992 633 tan-

226 691 279 731 turn
299 674 374 726 obest
391 682 422 724 nt
441 671 589 732 absolvam,
612 677 641 719 ut
666 669 754 738 potins
771 667 994 718 llnrdnnariorum

227 761 416 816 Prisoioerium
436 757 510 810 illum
529 753 707 825 pronunciare
725 753 834 804 habeam
849 768 994 803 necessum.

172 859 188 907 s
225 847 316 916 ltaque
334 855 363 897 nt
381 843 409 894 in
427 842 502 895 omni
522 839 678 893 delictorum
699 853 794 905 genere
811 835 887 886 dolus
907 835 995 904 requi-

224 933 309 993 ritur,
322 947 374 998 quo
388 923 613 997 poennordinnria
628 923 681 975 sibi
697 923 783 973 locum
798 919 930 980 vindicet,
945 936 996 989 per

221 1014 292 1066 trad.
315 1014 347 1064 l).
367 1011 460 1082 Corpz.
476 1019 548 1080 port.
569 1021 592 1060 ι.
610 1024 651 1077 pr.
669 1006 745 1059 erim.
761 1013 864 1076 quaest.
889 1013 945 1053 ιιι.
966 1021 995 1054 ιι.

228 1116 267 1153 ιι.
287 1104 325 1154 ite
351 1103 379 1152 in
408 1099 458 1151 boc
484 1097 575 1149 oleesse
599 1095 645 1146 ille
670 1093 783 1144 minime
808 1091 902 1152 debet,
927 1088 992 1140 ulios

221 1187 294 1239 enim
314 1187 415 1238 crimen
441 1182 492 1235 boc
517 1199 571 1232 nou
597 1179 805 1232 contraheretur.
830 1175 892 1228 Vid.
918 1179 990 1229 Petr.

221 1271 331 1338 Gregor.
352 1269 495 1321 Tholosan.
509 1272 652 1336 Syrrtngm.
667 1264 729 1316 Jur·
750 1261 852 1313 unirer.
874 1261 893 1310 l.
913 1273 955 1312 ³6.
968 1278 991 1313 c.

223 1369 254 1408 ιο
284 1373 311 1406 ιι.
333 1365 357 1406 3.
378 1353 450 1404 nino
471 1361 594 1403 notanter
621 1349 649 1399 in
675 1357 764 1398 nostra
784 1349 815 1398 L.
837 1348 990 1398 Annonam

221 1439 328 1491 additur
345 1437 455 1490 verbum
476 1435 658 1507 supprimunt,
677 1449 743 1502 qnae
765 1429 872 1482 l'brusis
897 1431 990 1501 repeti·

221 1533 265 1574 tur
282 1523 310 1576 iu
331 1525 364 1576 L·
386 1535 409 1575 t.
430 1518 453 1592 5
458 1521 515 1591 fin.
522 1519 562 1590 ff
576 1521 608 1573 de
621 1517 696 1571 crim.
711 1515 863 1570 stelliones.
879 1525 907 1566 ut
922 1531 991 1567 mer-

222 1607 292 1659 cium
312 1607 383 1660 nuda
402 1605 534 1674 coenrptio
553 1621 606 1656 non
625 1599 759 1664 sufficiat,
772 1600 818 1653 sed
832 1610 912 1652 enam
927 1618 987 1671 snp-

151 1699 180 1744 ιο
220 1691 323 1761 pressio
332 1691 484 1745 eurumdem
498 1688 600 1740 accedat
615 1703 720 1739 necesse
733 1687 778 1738 sit.
793 1686 990 1738 l'erbumeninr

218 1777 383 1847 supprimere
395 1777 430 1828 'in
452 1778 510 1844 jure
522 1785 612 1826 nostro
627 1774 779 1843 plerumque
793 1771 861 1824 sueto
876 1771 989 1838 illicito,

220 1880 266 1914 scu
284 1863 398 1927 delicto,
413 1861 541 1933 applicari
559 1862 640 1923 solet,
654 1859 690 1910 ito
704 1857 828 1927 qttidern,
842 1865 872 1908 ut
886 1873 990 1926 semper

221 1947 270 2000 sub
287 1948 379 2002 eodern
400 1949 488 1999 dolum
510 1946 674 1998 intellectum
689 1945 772 1994 velint
786 1941 857 1995 teti.
873 1943 947 1994 Potel
961 1943 989 1993 id

217 2051 254 2086 ex
274 2036 304 2086 l.
328 2045 367 2086 to.
386 2030 409 2104 5.
419 2031 478 2104 fin.
487 2031 528 2102 ff
543 2041 648 2083 tostum.
663 2026 816 2101 quemadm.
830 2044 901 2094 aper.
915 2029 947 2080 L.
963 2041 986 2078 3.

218 2115 245 2187 5.
267 2129 290 2166 e.
300 2113 340 2184 ffi
360 2119 392 2170 de
417 2117 489 2169 tobi.
510 2115 602 2168 exitiis.
621 2119 653 2167 Ι..
674 2125 698 2164 9-
716 2111 739 2182 §-
754 2111 813 2181 Jin·
823 2111 864 2182 ff.
883 2115 916 2165 de
933 2115 988 2166 dol.

218 2198 284 2251 mni.
305 2211 327 2249 ι.
337 2199 378 2270 ff.
398 2203 435 2254 acl
452 2203 484 2252 L.
502 2198 614 2254 Cornel·
635 2195 668 2246 de
681 2195 758 2248 rats.
772 2195 800 2244 in
815 2193 910 2263 quibus
927 2206 986 2247 tex-

214 2285 288 2336 tibus
301 2283 334 2334 de
348 2301 488 2355 suppresso
508 2291 666 2334 lesternento
679 2278 773 2346 agitur.
791 2280 836 2331 sie
851 2281 929 2332 etium
944 2279 999 2355 ‹li-¹

216 2379 313 2420 crentur
331 2369 467 2437 Moncipiu
488 2365 619 2438 supprimi
640 2365 667 2416 iu
686 2369 719 2417 L.
740 2376 782 2416 ιι.
797 2361 819 2435 5.
832 2383 886 2434 pen
900 2361 941 2433 ffi
953 2365 986 2417 de

217 2455 298 2506 rore.
316 2455 347 2505 L.
370 2451 445 2521 l.ffi
463 2453 501 2506 od
518 2455 550 2504 L.
569 2451 639 2504 Fot.
665 2451 698 2504 de
723 2451 851 2520 Pingiur.
876 2450 984 2503 Naufra-

213 2539 288 2608 gium
312 2538 443 2609 supprimi
465 2541 497 2590 L.
519 2551 542 2590 ³·
562 2535 585 2609 5.
609 2535 681 2606 ⁴·ff·
703 2537 741 2590 ud
764 2541 795 2590 L.
821 2537 932 2592 Comei.
952 2537 984 2591 de

208 2625 301 2678 Sient.
319 2627 351 2677 L.
374 2637 397 2675 ι.
416 2620 439 2693 5
448 2622 507 2693 fin.
519 2623 560 2694 ff
578 2622 611 2674 de
629 2623 736 2675 incend.
762 2621 833 2673 ruin.
853 2618 981 2692 uurffrng.

210 2708 385 2778 Supprimere
405 2725 467 2776 ergo
481 2709 524 2760 bic
538 2716 591 2772 est,
605 2708 708 2778 qnando
722 2707 900 2772 frumentum,
914 2709 982 2776 quod

213 2791 244 2842 in
263 2809 355 2862 magna
375 2795 449 2864 copie
468 2795 527 2863 quis
546 2795 634 2858 babet,
656 2795 743 2846 ricino
762 2811 808 2845 suo
827 2803 854 2846 el
879 2795 980 2847 currciri

139 2887 165 2929 ιι
216 2878 305 2944 egenti
325 2877 437 2930 rendere
455 2887 567 2931 recusat.
587 2880 623 2930 Ili
644 2877 696 2950 ipsi
711 2877 815 2947 egregie
827 2877 981 2930 describun-

215 2969 259 3012 tur
278 2961 306 3014 in
326 2963 467 3033 privilegio
485 2963 598 3033 quodam
622 2963 752 3016 Sereniss.
772 2964 854 3014 Elect.
882 2963 981 3016 brand.

211 3047 274 3101 soh.
295 3048 459 3118 sigismundi
481 3047 610 3118 gloriosae
630 3048 821 3102 recordationis
835 3045 982 3100 Panniiinis

211 3131 242 3184 in
257 3132 375 3187 illurclria
393 3151 517 3187 concesso
538 3133 588 3185 An.
608 3133 709 3186 Christi
736 3145 779 3186 tot
790 3145 811 3185 ι.
824 3131 860 3185 Ea
873 3141 983 3204 propter

210 3217 339 3288 quaedum
359 3219 393 3272 ed
412 3229 532 3272 nostrum
560 3237 665 3288 scopum
692 3217 819 3270 incientis
838 3217 883 3269 hie
900 3218 980 3270 addu-

214 3305 287 3354 xisse
305 3321 357 3356 non
378 3304 493 3374 pigeblu
511 3305 585 3355 lnter
603 3305 653 3356 alia
673 3313 760 3356 autem
774 3303 806 3354 de
821 3303 937 3374 propolis
950 3305 983 3356 ln·

203 3405 257 3440 nse
272 3385 309 3438 ita
321 3387 402 3440 hebet
416 3388 601 3456 l‘ririleginrn:
618 3386 752 3451 Dosssie,
765 3389 814 3439 elie
827 3387 871 3440 die
884 3387 984 3456 Solense

208 3473 425 3541 abgenommeu,
445 3475 517 3526 nacll
541 3472 591 3526 der
620 3471 707 3526 ll'olle
733 3471 855 3543 loiffen,
881 3472 981 3540 reiten,

198 3555 311 3628 filtreis
318 3597 326 3622 ,
341 3557 457 3610 dieselde
476 3557 603 3610 testetten
611 3597 620 3625 ,
640 3557 697 3612 und
710 3557 759 3608 mit
772 3557 856 3611 iltrem
868 3557 981 3628 eigenen

213 3642 351 3696 Gewiebte
370 3663 406 3696 an
425 3644 482 3696 sicis
501 3643 630 3713 bringeri,
651 3641 710 3696 und
726 3643 777 3694 den
798 3661 894 3696 armen
926 3645 980 3696 Tu-

205 3729 368 3783 clunuclrern
397 3731 441 3784 die
463 3731 536 3783 selhe
554 3729 621 3800 offle
640 3729 719 3782 einen
739 3727 814 3782 stein
833 3730 899 3798 clrey
917 3731 984 3784 oder

205 3815 264 3867 cier
281 3815 532 3868 &iiber-Grosclcen
558 3817 668 3870 liceurer
685 3813 786 3869 wieder
801 3814 978 3884 veriuttffin,

209 3899 278 3952 oder
295 3899 340 3951 ilo
362 3901 432 3954 Tacit
447 3901 509 3953 ιιιιιό
523 3902 601 3956 einen
615 3902 745 3970 peringen
766 3902 855 3953 li'ertit
870 3921 906 3954 αιι
920 3902 977 3954 siclt

203 3983 337 4052 bringeri,
364 3993 391 4036 et
417 3993 520 4054 posteo:
547 3987 679 4040 Darttder
697 3984 741 4037 die
764 3985 875 4038 Verlun
901 4003 932 4038 er
948 3987 975 4040 in

201 4069 334 4124 staedren
353 4072 397 4124 die
421 4089 498 4124 arnse
516 4073 599 4124 Leute
618 4071 688 4122 noclr
708 4069 858 4133 iedrauen‚
878 4089 918 4123 ινο
938 4071 977 4123 sie

204 4155 361 4208 Frembden
382 4157 427 4207 ilrr
450 4157 521 4208 Tucia
540 4154 703 4226 nerluuffen
713 4193 721 4220 ,
738 4157 796 4208 und
807 4153 887 4206 ilmen
903 4155 976 4207 uicit

203 4239 366 4291 eukommen
387 4239 476 4292 lassen
498 4240 611 4303 wollen,
630 4239 755 4304 worden,
774 4240 838 4292 dors
862 4238 901 4292 sie
921 4240 976 4293 alle

204 4323 293 4377 rr'otte
313 4343 349 4378 ιιιι
386 4322 497 4392 ersten,
525 4325 583 4378 und
601 4326 683 4378 ibren
711 4325 789 4378 leine
820 4325 908 4378 Wolle
925 4345 972 4379 zu·

198 4408 326 4461 inmmen
346 4407 453 4474 tossen,
472 4409 544 4461 noel:
571 4409 615 4462 die
641 4409 712 4461 Tucie
738 4427 796 4460 von
816 4407 898 4461 iltnen
919 4428 971 4460 αιι-

197 4494 313 4546 nelemen
334 4495 447 4554 ootton:
479 4493 542 4548 Uud
565 4511 646 4547 ιιιαιιιι
666 4492 752 4562 gleiclt
772 4491 816 4546 die
840 4494 971 4546 Tucltma·

197 4575 398 4644 cleersrembde
412 4576 572 4647 Kuufsteule
586 4599 617 4631 zu
632 4577 708 4629 ibren
723 4578 846 4630 Triclern
858 4577 968 4629 belom-

194 4679 258 4714 men
269 4699 278 4726 ,
299 4661 357 4716 und
374 4661 436 4713 orni
455 4662 516 4714 eine
532 4661 643 4733 gemisse
665 4661 780 4714 «inuniri
804 4661 910 4714 ructor
920 4661 971 4712 mit

194 4747 280 4799 ilmen
300 4747 436 4812 bande-Iu,
457 4749 528 4801 aucis
546 4769 579 4802 ιιι
598 4748 692 4801 Zeiten
712 4747 773 4801 eine
792 4746 969 4800 anselmliclse

192 4835 307 4884 Summa
321 4829 421 4884 Geldes
434 4832 469 4887 du
486 4831 744 4902 arqffempsougen,
760 4832 847 4886 ιΙαιιιίι
858 4832 898 4884 sie
911 4832 968 4884 sicit

193 4915 269 4965 desto
289 4914 381 4969 besses·
398 4917 445 4968 ιιιίι
465 4917 552 4970 Wolle
564 4919 655 4986 gesuri
669 4917 800 4982 niunden,
816 4915 875 4970 oud
885 4917 966 4970 ilrnen

191 5000 235 5052 die
259 5001 363 5053 Tucber
380 4997 487 5069 liffrn
510 5004 651 5062 rudentem
668 5018 699 5053 so
715 5000 830 5054 ter-edon
845 5001 884 5053 sic·
897 5001 965 5054 (Iocis

191 5089 235 5142 die
241 5083 373 5156 srembde
394 5087 568 5162 Kafffleute‚
589 5089 652 5144 durs
671 5089 710 5142 sie
724 5089 828 5142 desiere
847 5089 871 5139 Τ
869 5091 963 5155 aeder,

192 5173 252 5227 und
268 5173 311 5226 die
329 5172 357 5226 in
376 5174 542 5244 woffeileren
563 5173 680 5241 Kouffis,
697 5191 753 5225 von
769 5173 871 5239 ilmen,
887 5172 963 5226 daun

192 5275 250 5310 vnn
270 5257 321 5309 den
347 5259 567 5324 Poetnaeum,
589 5259 747 5311 detiornmen
768 5261 896 5324 liinnen,
916 5258 963 5309 da-

193 5341 242 5392 mit
259 5343 300 5396 cie
312 5343 354 5396 die
355 5340 508 5410 frembden
526 5341 685 5414 Knufflvnte
699 5342 875 5412 urcgscquffen
884 5382 892 5408 ‚
902 5341 966 5394 'und

191 5427 291 5480 ulleiue
317 5426 367 5478 den
401 5427 545 5496 Vorkuuff
557 5430 696 5496 telloneo,
712 5431 780 5484 aucit
805 5445 860 5482 ιιιιιι
877 5428 959 5480 ilmen

302 5511 410 5583 serykii
433 5513 493 5566 rot.
514 5517 537 5566 J.

1047 583 1128 634 solist
1143 582 1257 650 grlttste,
1280 584 1331 635 den
1351 601 1445 637 armen
1465 585 1568 636 L-oreo
1576 579 1636 649 sib·
1648 584 1690 638 die
1710 587 1735 637 Τ
1733 587 1820 642 Helles·

1046 667 1129 732 geben
1151 669 1262 733 ningen,
1285 677 1333 719 etc.
1354 667 1446 719 llcl'ert
1467 667 1621 718 troctooeh.
1638 669 1824 738 Sclreplir..r1d

1046 751 1177 803 Consuet.
1199 749 1302 801 Marcie.
1319 767 1345 818 p.
1368 759 1391 799 t.
1409 750 1449 799 o't.
1472 762 1495 800 e.
1515 747 1538 819 5.
1555 761 1578 800 5.
1601 769 1629 802 ιι.
1648 763 1689 803 ιι.
1702 752 1824 804 Collcetn

1046 833 1144 886 exinde
1165 837 1243 888 facile
1257 847 1312 901 est,
1328 837 1437 908 quinum
1453 838 1494 889 illi
1510 839 1580 902 sint,
1595 839 1640 909 qui
1656 857 1756 892 mcrces
1769 857 1822 892 ιιυιι

1047 928 1150 972 tuntum
1181 933 1320 987 coemunt,
1348 923 1393 975 sed
1419 933 1444 976 et
1471 934 1603 994 coemptus
1632 929 1819 998 supprimunt,

1045 1007 1114 1074 qnod
1133 1012 1292 1080 pracsertim
1312 1028 1343 1064 ex
1363 1011 1451 1063 serbis
1472 1011 1527 1063 illis
1546 1014 1685 1080 elucescit,
1706 1015 1821 1070 das-ssu

1044 1093 1099 1145 olle
1124 1095 1213 1146 Wotte
1232 1095 1419 1166 aresiuuffen,
1442 1099 1499 1148 nud
1516 1097 1598 1152 iltueu
1619 1099 1698 1154 ieine
1710 1102 1819 1153 eukom-

1043 1195 1104 1230 men
1124 1179 1214 1232 dassen
1236 1181 1343 1235 ιιόΙΙιιι.
1362 1183 1397 1232 lli
1413 1191 1473 1234 sunl
1488 1182 1528 1233 illi
1544 1185 1623 1254 Reip.
1637 1185 1757 1238 damnosi
1773 1187 1818 1238 hn-

1042 1262 1128 1313 mincs
1164 1263 1208 1334 qui
1227 1267 1316 1317 omnin
1337 1265 1403 1329 sibi,
1419 1284 1471 1318 non
1486 1268 1546 1319 aliis
1559 1287 1661 1338 qnoque
1675 1280 1733 1322 ιιιιι
1752 1289 1813 1340 per·

1044 1346 1193 1400 otiosissimi
1209 1361 1283 1414 suut,
1298 1359 1327 1400 ot
1341 1349 1439 1402 eximie
1449 1352 1552 1421 optimo
1566 1353 1639 1418 jure,
1654 1353 1816 1422 meritoque,

1042 1430 1090 1482 hos
1110 1432 1182 1484 inter
1203 1434 1383 1488 Durclnnnrios
1403 1439 1525 1489 retulerit
1546 1438 1654 1510 l'lpinu.
1674 1437 1701 1490 in
1731 1438 1755 1489 d.
1783 1443 1815 1493 L.

1044 1515 1198 1567 Annonam
1218 1535 1361 1587 eorrnnqne
1379 1520 1449 1572 vitoe
1468 1521 1625 1590 eorrdignnm
1640 1537 1748 1592 poenrun
1764 1533 1815 1574 stn·

1044 1603 1138 1665 tuerit,
1159 1604 1191 1656 de
1210 1623 1259 1674 qun
1276 1622 1356 1676 puenu
1372 1607 1429 1659 vici.
1444 1628 1466 1661 c.
1483 1622 1506 1660 t.
1518 1619 1543 1662 et
1559 1623 1582 1663 t.
1598 1609 1674 1663 Conl·
1689 1607 1811 1680 Ilffisrm.

1044 1691 1128 1742 Polit.
1148 1693 1180 1744 de
1200 1697 1236 1745 A.
1259 1703 1333 1744 tsts.
1348 1693 1388 1745 tit.
1408 1695 1451 1748 die
1469 1697 1620 1766 cllonopoliu
1648 1699 1705 1750 cressi
1721 1699 1812 1750 scitne·

1044 1773 1130 1827 dliclte
1156 1774 1325 1846 Vordueuffe
1343 1777 1497 1848 beinngeml
1514 1780 1540 1832 in
1559 1782 1646 1850 princ.
1662 1781 1705 1832 ubi
1721 1799 1811 1834 eortun

1041 1869 1149 1911 cotrnutu
1170 1860 1270 1912 indoles
1290 1861 1392 1929 egregie
1410 1863 1578 1918 describitur.

1079 1943 1197 1996 ttnrom
1208 1945 1432 1998 Dardunnriornm
1447 1963 1542 2014 gertus,
1557 1951 1629 2016 eujus
1644 1951 1672 2003 in
1685 1949 1751 2020 Lege
1764 1971 1808 2002 no-

1041 2035 1094 2079 stre
1115 2030 1216 2080 rnentio
1235 2025 1282 2092 sit,
1302 2029 1445 2081 absolvunt
1465 2029 1633 2102 Locupletes,
1647 2035 1692 2102 qui
1708 2033 1808 2086 leuctns

1038 2132 1099 2167 suos
1118 2117 1208 2184 nequis
1233 2115 1330 2186 pretiis
1357 2116 1470 2168 rendere
1495 2119 1604 2184 nolunt,
1629 2119 1692 2171 dum
1719 2121 1808 2172 rninns

1037 2201 1130 2252 uberes
1150 2212 1290 2270 proventus
1309 2211 1457 2271 expectant.
1476 2202 1572 2256 Eodem
1593 2204 1657 2267 hoc,
1670 2223 1735 2274 quse
1753 2206 1795 2276 pri

1038 2305 1109 2338 ιιιιιιιι
1128 2304 1225 2354 gertus,
1238 2287 1381 2342 constitutur
1397 2289 1546 2359 turpitudo;
1560 2289 1634 2342 Licet
1648 2293 1720 2344 eninr
1734 2293 1763 2343 ti
1778 2295 1807 2344 in

1036 2387 1155 2424 nnrronne
1175 2370 1293 2423 fraudem
1313 2369 1412 2422 strictus
1430 2387 1491 2423 suos
1511 2371 1628 2442 undique
1640 2392 1693 2426 non
1706 2393 1806 2428 coenre-

1036 2453 1107 2516 rint,
1127 2455 1167 2505 uti
1186 2455 1319 2524 deprimo
1334 2454 1557 2507 Dnrdunnriorunr
1577 2473 1672 2524 genere
1686 2457 1801 2520 dictunr;

1035 2537 1121 2608 quue
1141 2549 1230 2593 tamen
1245 2551 1335 2593 contra
1349 2541 1507 2592 charitatem
1522 2542 1639 2612 proximi
1654 2553 1680 2595 et
1694 2544 1807 2596 salutern

1034 2625 1166 2696 publicum
1186 2635 1311 2696 peccant,
1326 2624 1388 2675 dnm
1404 2623 1588 2691 indigentibus
1601 2623 1703 2678 fruetus
1716 2627 1806 2696 aequis

1035 2711 1130 2783 pretiis
1144 2710 1256 2764 rendere
1276 2721 1406 2762 recusant.
1426 2707 1561 2762 Beneficio
1582 2711 1654 2764 enirn
1675 2707 1748 2764 effici
1762 2712 1806 2764 lto-

1035 2795 1135 2848 minem
1158 2797 1270 2850 interesl
1289 2795 1424 2858 hominis,
1441 2814 1490 2867 per
1507 2802 1539 2850 L.
1561 2809 1585 2850 ι.
1604 2798 1633 2850 in
1643 2795 1702 2868 fin.
1713 2799 1754 2870 ff
1772 2799 1804 2854 cie

1033 2885 1109 2934 Serv.
1126 2891 1231 2951 expore.
1253 2879 1292 2930 Ex
1313 2881 1432 2950 quamuis
1458 2880 1509 2950 ipsi
1530 2898 1562 2932 ex
1587 2881 1704 2953 propriis
1730 2884 1802 2952 agris

1032 2968 1111 3022 hosce
1130 2967 1297 3039 perceperint
1322 2969 1438 3031 t'ructus,
1465 2966 1534 3018 nibil
1565 2976 1651 3020 tnrrren
1671 2967 1802 3038 impedit,

1032 3072 1084 3124 quo
1102 3051 1191 3104 minus
1205 3052 1264 3104 illos
1277 3051 1429 3106 concivibus
1447 3061 1587 3104 teneantur
1601 3051 1803 3106 communicare.

1034 3135 1099 3186 Cum
1115 3152 1158 3198 en,
1172 3151 1238 3204 quae
1252 3154 1266 3186 u
1280 3133 1376 3184 Divino
1390 3133 1575 3187 benedictione
1588 3149 1709 3186 concesse
1724 3135 1801 3204 ipsis,

1033 3218 1156 3288 proximo
1174 3235 1255 3288 seque
1273 3234 1396 3270 concessa
1409 3217 1602 3286 intelliguntur.
1619 3217 1731 3268 Peccant
1742 3233 1803 3285 ergo

1035 3305 1075 3356 illi
1094 3312 1184 3357 eontra
1203 3304 1328 3356 Divinum
1349 3303 1457 3370 Legem,
1476 3311 1586 3373 peceant
1603 3311 1693 3354 eontra
1714 3303 1804 3372 nequi-

1033 3399 1115 3441 tntem
1133 3390 1293 3451 naturalem,
1309 3396 1417 3458 peccant
1430 3386 1544 3456 deniqne
1556 3397 1646 3439 eontra
1660 3386 1744 3456 ipsius
1758 3405 1802 3457 pu·

1033 3475 1118 3527 blicae
1136 3476 1175 3528 rei
1196 3475 1316 3527 salutem.
1336 3474 1473 3544 Elegantia
1492 3483 1568 3537 sunt,
1582 3491 1648 3545 quae
1661 3473 1741 3526 habet
1754 3474 1802 3526 bac

1034 3559 1067 3610 de
1085 3575 1114 3610 re
1134 3557 1301 3622 Ambrosius,
1319 3559 1419 3610 relatus
1440 3557 1469 3608 in
1488 3575 1549 3610 can.
1570 3557 1645 3609 dicut
1660 3567 1684 3606 s.
1696 3553 1802 3609 Distim

1032 3654 1066 3697 ct.
1089 3653 1128 3694 ιι.
1147 3644 1194 3696 ubi
1214 3644 1406 3697 Dordannrium
1425 3642 1554 3711 ejusmodi
1580 3643 1618 3695 ita
1642 3642 1799 3712 alloquitur:

1038 3727 1065 3778 Τ
1061 3747 1078 3779 ιι
1094 3737 1230 3794 susceptus
1249 3726 1305 3780 Dei
1321 3725 1489 3789 muneribus,
1510 3725 1563 3779 elsi
1579 3723 1606 3778 in
1619 3725 1710 3779 sirium
1725 3737 1800 3780 tuum

1031 3809 1160 3874 retrahis,
1170 3808 1240 3861 otti!
1251 3819 1276 3860 te
1286 3820 1367 3881 putus
1380 3827 1460 3876 ogere
1473 3807 1609 3879 iniquum,
1625 3809 1652 3860 si
1662 3819 1719 3862 tam
1732 3811 1802 3864 mul-

1031 3907 1121 3949 torum
1140 3895 1210 3949 vitoe
1227 3894 1348 3949 subsidia
1366 3896 1442 3949 solus
1468 3893 1613 3947 obtinens?
1635 3895 1701 3962 Quis
1728 3897 1802 3950 enim

1029 3990 1086 4032 ιαιιι
1106 3979 1236 4050 injustus,
1255 3989 1311 4030 tom
1330 3977 1440 4044 aridos,
1456 3988 1511 4030 tum
1527 3995 1641 4044 avarus,
1656 3998 1738 4050 quom
1752 3981 1800 4050 qni

1028 4069 1174 4121 multorum
1203 4063 1333 4118 alimento
1358 4081 1437 4119 ιιιιιιιι
1456 4083 1513 4116 ιιοιι
1533 4082 1628 4130 usum,
1647 4067 1696 4118 sed
1714 4066 1797 4119 ubun-

1026 4155 1152 4208 duntium
1173 4163 1198 4204 et
1216 4151 1327 4206 delicias
1336 4150 1431 4220 fucit?
1451 4151 1544 4222 Neque
1565 4151 1636 4203 enim
1655 4149 1745 4204 minus
1759 4161 1799 4203 est

1026 4237 1370 4295 criministateottrottm
1378 4275 1386 4300 ,
1402 4253 1483 4307 quam
1497 4252 1558 4287 cum
1568 4235 1658 4305 possis
1670 4245 1696 4288 et
1710 4237 1797 4288 abun-

1024 4326 1082 4390 des,
1091 4321 1277 4394 indigentibus
1291 4319 1435 4388 denegare.
1447 4317 1637 4372 Esurienlium
1650 4319 1733 4388 punis
1748 4329 1797 4384 est,

1024 4429 1102 4483 quem
1122 4422 1150 4464 tu
1169 4408 1288 4473 detines,
1304 4407 1440 4460 nudorum
1454 4405 1643 4458 indumentum
1657 4415 1707 4466 est,
1722 4402 1796 4474 quod

1023 4509 1051 4552 ιιι
1070 4495 1194 4551 recludis.
1221 4499 1245 4549 T
1241 4507 1267 4548 ol
1281 4506 1307 4547 le
1318 4511 1381 4563 ergo
1394 4491 1465 4544 sciar
1483 4491 1610 4543 inuadere
1628 4491 1716 4550 dona,
1728 4499 1795 4559 quot

1021 4580 1110 4647 possis
1135 4589 1275 4644 praestare
1299 4577 1373 4649 quod
1396 4573 1461 4626 uelis
1498 4575 1581 4625 llecte
1605 4589 1666 4639 ergo
1685 4571 1713 4623 bi
1739 4572 1794 4641 ipsi

1021 4667 1175 4718 Mammona
1195 4666 1222 4716 in
1242 4663 1347 4716 horreis
1365 4659 1485 4730 quotidie
1504 4656 1659 4724 adorantes,
1680 4659 1794 4727 attogi-

1022 4756 1108 4799 strotu
1126 4747 1181 4814 cogi
1201 4757 1326 4818 possunt,
1351 4740 1569 4796 adveniendum
1596 4751 1732 4810 perceptos
1758 4759 1791 4794 ex

1020 4829 1128 4898 proprio
1148 4827 1230 4880 fundo
1249 4827 1361 4890 fronton
1381 4825 1491 4895 Optime
1506 4825 1557 4875 hue
1576 4821 1640 4876 tat-it
1654 4823 1792 4877 Constitu-

1021 4912 1073 4977 lio,
1093 4930 1159 4981 quae
1177 4913 1289 4965 habetur
1309 4911 1336 4963 in
1360 4909 1484 4962 Ordinnt.
1504 4907 1591 4961 Polie.
1617 4907 1791 4978 Mugdeburg.

1018 5011 1074 5061 cup.
1091 5007 1131 5046 ιι.
1146 4994 1190 5045 ubi
1207 4996 1269 5048 hoec
1284 4992 1415 5044 habentur
1430 4991 1521 5042 rerba:
1540 4989 1657 5042 Dien'eil
1670 4989 1714 5042 die
1722 4991 1791 5042 dolce

1018 5078 1180 5148 Nolidurffl
1198 5077 1384 5147 desgemeinen
1401 5079 1500 5128 Nutzes
1521 5072 1665 5142 erfordert,
1680 5074 1791 5127 immur-

1016 5182 1065 5216 sen
1087 5183 1115 5217 es
1132 5165 1208 5218 donn
1229 5167 1297 5217 aucit
1318 5163 1347 5216 in
1368 5163 1440 5216 allen
1459 5161 1615 5232 geistliclten
1632 5163 1689 5213 und
1700 5161 1790 5214 weltli·

1014 5251 1080 5304 eben
1090 5251 1208 5304 Reelrten
1224 5259 1362 5303 verslottet
1378 5247 1437 5301 und
1450 5249 1642 5315 nuclrgelussen
1651 5284 1659 5310 ,
1674 5245 1720 5298 des
1738 5247 1791 5298 Ge·

1015 5335 1167 5404 dreyrliclrts
1176 5375 1184 5401 ,
1205 5339 1247 5391 uls
1262 5337 1356 5396 Korn,
1378 5334 1492 5386 Gemten
1508 5333 1566 5386 und
1578 5329 1688 5400 Ilasern
1697 5351 1706 5392 ,·
1721 5335 1791 5384 Item

1012 5419 1062 5472 cler
1085 5421 1172 5474 ll'o'le
1192 5419 1250 5474 tanei
1267 5417 1478 5481 uuderslralber,
1492 5433 1523 5468 ιο
1539 5415 1620 5469 sudes
1634 5415 1783 5468 Meusclsen

1476 5513 1487 5556 l
