4424 6340
443 489 491 556 ¹57
532 502 544 528 2

372 579 443 652 publ.
462 575 584 630 inciditur
604 573 752 628 eliminare.
773 571 871 645 Caspar
892 573 986 626 tttoct.
1005 572 1038 624 de
1056 575 1154 628 AEra·,

372 667 415 719 tio
437 664 482 716 lib.
500 673 524 712 2.
543 681 565 714 2.
588 673 648 714 222.
667 679 696 712 n.
718 669 738 710 t.
761 657 867 712 Bor-nit.
887 657 918 712 tle
937 661 965 711 A
972 657 1053 709 drar.
1079 654 1140 708 libr.

374 762 398 802 2.
412 767 473 819 cap.
491 758 513 798 t.
527 745 633 798 Besold.
659 745 786 797 Tltesaar.
804 748 897 799 Praet.
911 761 968 796 one.
994 739 1143 792 (1112212122-

366 831 434 903 sen.
453 841 480 884 et
498 847 567 902 quos
584 830 624 883 ibi
643 831 721 898 alleg.
738 829 860 882 Dietber.
874 828 903 880 in
919 836 977 878 not.
991 825 1064 878 inter
1076 839 1145 895 qrios

376 918 410 967 1).
424 913 540 968 Conrad
563 913 809 980 Selilttsselbergers
823 910 985 964 Bedeueken
1000 927 1061 961 corn
1082 907 1146 958 ata-

372 995 497 1068 clrstopff
523 997 649 1054 Abasrer.
675 997 790 1051 Fritsch.
818 995 851 1050 de
877 993 1021 1063 Monopot.
1044 1010 1068 1046 c.
1103 1002 1143 1044 22.

376 1102 408 1134 12.
427 1097 467 1137 il.

311 1177 343 1220 22
419 1165 537 1219 Praefati
565 1181 627 1235 ergo
648 1167 765 1236 potiores
791 1167 976 1220 sceleratorum
1003 1168 1074 1226 sunt,
1100 1157 1145 1228 qui

378 1250 587 1304 saeculariorum
619 1251 731 1320 ingenio
754 1251 868 1321 praediti
894 1247 1060 1302 videbantur.
1085 1246 1146 1297 iam

378 1335 470 1404 paucis
489 1334 682 1404 subjiciendum
692 1373 699 1398 ,
711 1336 821 1406 quinam
836 1333 868 1386 ad
882 1330 1043 1386 Direetarios
1056 1329 1086 1380 in
1099 1327 1147 1379 l.e-

325 1417 329 1430 '
377 1436 409 1487 ge
436 1427 527 1472 nostra
553 1420 701 1490 descriptos
727 1419 822 1472 referri
850 1426 983 1490 poterunt.
1017 1413 1150 1465 Dicuntur

379 1512 468 1556 autem
490 1504 518 1555 in
537 1505 563 1557 d.
583 1505 601 1556 1.
621 1517 645 1556 2.
654 1503 696 1575 ffi
714 1505 746 1559 212
760 1503 915 1556 1122222221.
928 1499 1013 1555 Crini.
1027 1498 1150 1548 Direeta-

380 1587 417 1638 rii
432 1588 480 1660 qai
491 1589 520 1641 122
541 1589 634 1644 aliena
652 1589 801 1642 coenacula
821 1603 851 1639 se
872 1585 1008 1654 dirigunt,
1023 1577 1152 1650 furandi

379 1671 488 1735 animo,
506 1683 536 1726 ut
548 1673 635 1744 capite
646 1674 735 1745 primo
751 1671 873 1724 dedimus
889 1669 1046 1740 explicatum
1056 1681 1148 1734 ,quae,

379 1766 508 1824 quantum
526 1757 664 1810 verborum
680 1757 848 1810 intellectum
861 1754 970 1818 attinet,
984 1767 1037 1804 non
1049 1757 1149 1819 repete·

382 1858 455 1902 cause
476 1841 567 1910 Quoad
586 1859 693 1895 sensum
713 1857 774 1895 cero
791 1841 869 1911 paulo
886 1836 983 1890 elarius
1008 1851 1040 1886 ex
1068 1831 1149 1884 variis

380 1923 517 1995 speciebus
536 1923 625 1976 eadem
646 1941 832 1996 proponemus.
852 1922 993 1974 Pertinent
1009 1919 1098 1987 itaque
1115 1917 1147 1968 ad

382 2007 448 2058 tales
468 2006 632 2061 Direetarios
653 2007 784 2075 ejusmodi
809 2005 899 2068 fures,
918 2005 985 2076 qui,
1003 2004 1078 2056 uelut
1099 2001 1148 2053 ali-

380 2088 445 2159 quid
464 2090 565 2159 negotii
584 2090 711 2144 habentes
730 2092 759 2143 in
779 2091 925 2144 coenaculis
948 2090 1080 2152 aliorum,
1105 2104 1148 2139 re·

383 2183 453 2242 punt
472 2173 500 2226 in
519 2191 564 2238 ea,
584 2183 612 2227 et
631 2192 659 2227 se
676 2176 823 2237 occultant,
841 2181 887 2236 ut,
907 2173 931 2225 si
952 2190 1005 2226 non
1025 2171 1148 2238 detegan-

381 2266 445 2321 tur,
471 2258 556 2312 libere
580 2259 709 2312 auferant.
735 2258 772 2311 Et
797 2257 847 2309 boc
871 2257 958 2327 ipsum
980 2256 1027 2308 hae
1046 2254 1149 2307 ratione

386 2339 494 2394 eliectui
513 2341 577 2396 dare
596 2351 751 2406 sitesemnt,
763 2343 827 2394 dum
843 2340 986 2394 familiaris
999 2339 1109 2407 alicujus
1123 2346 1150 2390 et

384 2424 443 2476 noti
461 2425 592 2492 bominis,
612 2427 658 2498 qui
677 2427 765 2480 forsan
785 2427 899 2480 convivii
917 2435 1035 2494 tempore
1055 2424 1146 2476 inae·

927 475 1115 532 orsaorsa.
1135 475 1188 529 ttt.
1210 473 1325 530 22222
1346 473 1382 526 n.
1428 459 1439 492 ⁹

1836 468 1884 522 2311

1193 571 1331 624 coenacula
1350 585 1379 621 se
1397 565 1535 637 dirigunt,
1554 567 1587 620 de
1605 566 1758 639 quibus'B.
1787 569 1839 620 Du.
1868 567 1965 640 Carpi.

1195 659 1291 710 Pract.
1310 652 1459 711 Criariual.
1478 655 1515 706 P.
1536 664 1561 703 2.
1584 656 1693 721 (tuaest.
1716 664 1757 704 22.
1773 671 1801 704 rr.
1820 663 1862 704 tu.
1876 653 1960 705 Perti·
2000 663 2036 705 22

1196 750 1260 793 nent
1273 740 1323 793 huc
1340 739 1423 792 etiam
1437 734 1496 801 illi,
1513 737 1560 806 qui
1589 741 1794 808 lopsrraaoiara:
1819 737 1965 803 dicuutur,

1193 824 1249 876 sire
1267 825 1406 890 januarum
1425 832 1575 890 apertores,
1589 821 1645 874 sive
1660 821 1793 890 parietum
1806 830 1851 874 aut
1865 821 1964 874 forium

1195 905 1363 970 effractores,
1376 905 1422 974 qui
1442 905 1564 968 effracto,
1582 902 1768 975 perforatoque
1793 905 1911 974 pariete,
1924 905 1967 958 fu-

1197 1001 1290 1045 rantur
1308 992 1327 1042 1.
1347 1001 1371 1041 2.
1391 987 1414 1061 5.
1423 989 1482 1059 fla.
1492 989 1533 1059 ffi
1548 989 1580 1042 de
1595 989 1712 1060 Effluet·
1728 999 1754 1041 et
1766 989 1805 1041 ibi
1816 989 1964 1043 Godotred

1196 1075 1235 1129 112.
1254 1077 1273 1126 1.
1292 1075 1388 1145 Cajac.
1409 1075 1453 1126 111.
1478 1087 1517 1126 22.
1537 1076 1593 1128 obs.
1616 1085 1657 1125 22.
1677 1075 1755 1126 Τ2122
1774 1075 1859 1126 etiam
1877 1084 1963 1136 sttnt,

1196 1161 1242 1230 qui
1261 1161 1339 1212 malis
1358 1159 1462 1212 artibus
1482 1159 1510 1210 in
1530 1161 1616 1211 aliena
1635 1159 1773 1212 caenacula
1792 1159 1930 1220 scandunt,
1940 1178 1966 1210 a·

1198 1245 1325 1316 periendo
1349 1241 1480 1297 fenestras
1505 1242 1604 1306 hornis,
1630 1241 1751 1304 uncinis,
1776 1243 1814 1294 vel
1839 1261 1889 1312 qua
1912 1241 1964 1294 alia

1198 1329 1302 1381 ratione
1320 1329 1434 1381 llenrie.
1458 1327 1550 1382 Bocer.
1570 1328 1659 1382 Closs.
1680 1340 1706 1379 2.
1723 1327 1805 1396 Disp.
1827 1339 1851 1377 2.
1870 1329 1908 1378 212.
1923 1339 1966 1379 22.

1198 1413 1294 1484 quibus
1313 1413 1469 1466 homiuibus
1493 1428 1551 1464 cum
1576 1409 1718 1481 aliquando
1739 1411 1888 1464 abundaret
1912 1413 1966 1465 tto-

1200 1517 1261 1561 ma,
1281 1498 1364 1551 eoacti
1383 1509 1445 1550 sunt
1464 1496 1534 1550 eires
1552 1514 1665 1561 omnes,
1688 1495 1833 1568 praefigere
1858 1513 1966 1568 prospe-

1199 1588 1271 1644 ctus,
1290 1591 1319 1632 ut
1338 1581 1387 1631 bae
1405 1587 1508 1634 ratione
1527 1581 1662 1634 tualevolis
1676 1581 1748 1636 bisce
1760 1600 1851 1634 ansam
1863 1580 1891 1633 in
1904 1597 1964 1634 eoe-

1200 1663 1291 1715 nacula
1303 1680 1330 1714 se
1343 1662 1477 1730 dirigendi
1489 1663 1654 1730 adimerent,
1668 1675 1698 1718 ut
1709 1666 1846 1720 explicio
1860 1665 1965 1719 Hister.

1200 1749 1262 1802 libr.
1274 1760 1313 1801 22.
1326 1761 1406 1804 notat
1424 1751 1513 1804 Jacob.
1528 1751 1615 1821 Cujac.
1628 1754 1654 1806 d.
1669 1755 1725 1806 obs.
1741 1763 1783 1802 22.
1810 1752 1844 1805 Et
1862 1751 1892 1804 bi
1911 1749 1965 1822 ipsi

1199 1853 1282 1906 quoq;
1302 1836 1464 1906 bpertularii
1483 1834 1607 1890 dicuntur
1628 1837 1722 1908 Cajae.
1734 1838 1759 1890 d.
1772 1838 1790 1889 1.
1805 1836 1849 1906 qui
1864 1843 1890 1887 et
1905 1853 1965 1887 con·

1199 1919 1311 1974 sectores
1330 1922 1468 1974 cardinum
1487 1921 1614 1992 appellari
1641 1930 1770 1992 possunt3
1789 1921 1867 1974 Nihil
1890 1923 1966 1975 enim

1200 2014 1253 2058 tam
1272 2006 1422 2059 obseratum
1435 2043 1442 2070 ,
1456 2007 1586 2058 occlusum
1606 2015 1633 2059 et
1650 2007 1818 2074 obsignatum
1831 2015 1881 2069 est,
1893 2007 1964 2076 quod

1199 2107 1252 2142 uon
1272 2091 1407 2162 aperiant:
1428 2091 1519 2160 Itaque
1537 2089 1651 2142 latenter
1669 2108 1698 2143 22
1709 2089 1845 2154 inierunt,
1859 2101 1888 2142 nt
1906 2091 1962 2159 Gy-

1199 2173 1239 2241 gis
1258 2177 1396 2228 annullum
1415 2173 1513 2227 babere
1533 2173 1687 2238 rideantur,
1700 2175 1774 2243 eujus
1794 2175 1852 2245 pala
1864 2173 1896 2226 ad
1910 2177 1964 2245 pal·

1199 2277 1268 2311 marn
1299 2277 1421 2312 conversa
1445 2277 1459 2311 a
1483 2259 1555 2313 nullo
1579 2267 1742 2323 cernantur,
1770 2260 1824 2328 ipsi
1854 2271 1965 2313 cernant

1199 2345 1288 2399 omnia
1312 2345 1521 2400 intumuisset
1538 2347 1572 2398 de
1589 2343 1836 2400 Crinitaodtitr.
1866 2357 1908 2397 22.
1923 2345 1967 2416 ff.

1199 2431 1239 2482 nt.
1262 2440 1302 2482 tt.
1320 2447 1380 2498 cap.
1403 2439 1425 2480 t.
1446 2448 1474 2481 n.
1495 2437 1518 2478 t.
1538 2428 1766 2500 021222222222
1777 2425 1818 2498 ff
1832 2429 1857 2481 d.
1877 2430 1917 2483 ea.
1936 2449 1964 2482 n.

383 2506 462 2560 (1112222
489 2520 544 2575 est,
571 2527 600 2564 80
620 2529 709 2566 servos
733 2512 773 2564 221
792 2510 906 2564 1222222102
925 2525 982 2562 esse
1001 2507 1148 2569 simulant,
1190 2513 1249 2584 fin.
1279 2515 1395 2584 Quinam
1415 2523 1504 2566 aulem
1522 2515 1630 2584 proprie
1649 2513 1706 2567 sint
1733 2514 1913 2584 impostores,
1939 2523 1967 2566 et

384 2601 464 2662 prout
476 2593 505 2644 in
523 2592 592 2647 aulis
610 2594 679 2648 haud
699 2613 758 2649 raro
776 2593 922 2664 contingit,
935 2602 966 2646 ut
977 2591 1087 2644 interim
1100 2607 1145 2642 oe·

382 2676 515 2730 casionem
538 2677 645 2732 furandi
663 2688 786 2750 captent,
806 2680 829 2732 si
848 2678 965 2749 possint,
988 2677 1027 2730 rel
1052 2675 1148 2737 etiam,

384 2767 414 2812 ut
431 2759 545 2830 aliquem
563 2761 714 2835 decipiant,
733 2774 812 2834 prout
833 2762 996 2815 Direetarios
1020 2758 1148 2813 describit

385 2841 457 2895 Petr.
477 2843 589 2916 Gregor.
615 2849 699 2903 Tbelo
707 2864 729 2899 s.
750 2850 893 2918 Syntogm.
907 2845 964 2916 1222.
984 2845 1044 2897 tior.
1064 2855 1105 2896 22.
1125 2861 1147 2895 2.

389 2937 429 2980 22.
450 2947 477 2980 n.
499 2939 522 2981 2.
541 2930 612 3000 quod
631 2931 718 3004 ipsum
737 2932 821 2986 adbuc
840 2931 919 2984 bodie
932 2931 970 2982 ita
983 2929 1146 2996 contingere,

382 3014 526 3068 relationes
545 3015 766 3070 hebdomadariae
787 3033 838 3068 non
854 3015 891 3067 ita
904 3013 1011 3085 pridem
1025 3027 1072 3066 nos
1088 3009 1147 3064 red-

381 3095 479 3149 debant
497 3099 633 3165 certiores,
653 3100 716 3152 dum
736 3103 808 3155 enim
827 3098 955 3153 solemnia
973 3096 1104 3168 nuptialia
1117 3095 1147 3147 in

382 3184 442 3237 aula
462 3184 636 3254 imperatoris
648 3185 844 3238 solemnissime
857 3178 1147 3250 celebrabantur‚[ejus·

382 3269 455 3320 modi
475 3269 657 3332 Direetarius,
675 3269 812 3340 Equestris
831 3285 859 3320 se
877 3266 1018 3336 dignitatis
1038 3263 1143 3316 222221-

382 3353 507 3414 mulans,
525 3353 557 3403 ad
577 3353 765 3422 imperatorias
782 3353 872 3422 epulas
893 3365 920 3400 se
940 3345 1105 3411 conferebat,
1120 3357 1147 3400 et

382 3436 419 3487 ita
437 3437 600 3490 occasionem
620 3435 752 3490 Cornitide
769 3435 802 3487 de
815 3432 991 3486 Herbersteiu
1007 3433 1144 3484 Saeculum

383 3519 515 3588 spoliandi
542 3520 763 3581 nanciscebatur;
789 3515 1037 3588 deprehendebatur
1059 3525 1146 3569 umen

381 3601 426 3654 bie
440 3603 535 3656 nebulo
548 3606 577 3654 in
590 3603 756 3667 coratinenti,
771 3612 798 3655 et
812 3602 870 3654 sine
883 3600 963 3653 dubio
977 3600 1075 3654 merito
1086 3618 1146 3671 sup-

381 3685 462 3756 plicio
481 3697 521 3740 est
544 3687 670 3748 allectum
697 3687 834 3755 Scriptum
861 3687 912 3738 lice
934 3696 994 3738 erat
1023 3687 1147 3740 Viennae

381 3770 426 3822 die
445 3781 468 3820 2.
489 3771 631 3824 Decembr.
653 3771 735 3825 Anni
755 3784 832 3825 2226.
856 3771 891 3822 Et
914 3771 964 3823 hue
988 3789 1091 3841 quoque
1104 3771 1145 3822 illi

377 3851 452 3908 fures
472 3865 607 3927 spectant,
626 3874 737 3926 quorum
756 3857 857 3909 mentio
875 3851 908 3908 ht
926 3857 956 3908 in
976 3857 994 3907 1.
1017 3865 1058 3908 22.
1076 3853 1098 3927 5.
1122 3866 1143 3906 2.

370 3939 412 4008 ffi
431 3941 471 3993 ad
488 3941 508 3990 1.
527 3940 588 3992 1221.
608 3941 701 3995 Ρ2221.
721 3941 837 4006 scilieet,
856 3942 903 4010 qui
922 3957 950 3992 22
969 3939 999 3990 in
1013 3943 1145 4010 arcaque·

381 4025 442 4077 dam
462 4027 490 4078 in
510 4027 607 4097 templo
626 4027 711 4096 posita
732 4023 883 4090 includunt,
903 4034 930 4077 22
948 4035 1009 4095 post
1027 4025 1143 4078 clausum

380 4110 510 4179 templum
534 4109 567 4162 de
591 4127 650 4164 arca
675 4120 784 4174 exeunt,
804 4109 881 4162 etde
900 4108 978 4161 relius
996 4109 1078 4162 sacris
1096 4127 1145 4179 pro

382 4194 469 4247 lubitu
489 4193 623 4258 iurantia,
643 4204 670 4247 et
687 4195 857 4266 postmodum
876 4211 905 4248 se
923 4194 950 4244 in
970 4211 1057 4246 aream
1081 4193 1145 4245 reci·

378 4280 459 4350 piunt
473 4279 544 4331 Pete.
557 4279 637 4350 Greg.
658 4281 767 4335 Tholas.
785 4281 811 4332 d.
831 4281 849 4331 l.
864 4299 893 4332 n.
909 4294 934 4334 2.
945 4277 1025 4346 Cujus
1038 4279 1144 4346 generis

377 4381 471 4416 omues
496 4364 537 4416 itti
564 4374 644 4430 sunt,
669 4367 716 4436 qui
745 4365 896 4436 vespertino
924 4375 1042 4434 tempore
1067 4361 1143 4416 aedes

378 4447 477 4500 alienas
491 4449 642 4515 introeunt,
655 4468 683 4503 se
700 4451 871 4512 occultantes,
889 4458 921 4500 ut
939 4446 1050 4500 aedibus
1068 4445 1142 4500 ohse-

358 4571 364 4578 .
379 4531 446 4583 ratis
465 4550 495 4584 eo
515 4535 606 4588 minor
624 4535 741 4605 suspicio
761 4535 828 4588 furti
843 4532 928 4595 adsit,
943 4541 969 4584 et
981 4541 1010 4583 ut
1023 4531 1142 4595 interim,

379 4618 521 4672 commisso
534 4619 619 4686 furto,
634 4639 665 4674 eo
684 4619 848 4674 commodius
867 4615 991 4685 aufugere
1016 4616 1121 4685 possint
1135 4637 1141 4676 t

379 4701 467 4767 Quam
495 4701 582 4756 furum
608 4704 723 4774 speciem
746 4701 913 4774 experientia
941 4701 1029 4753 forsan
1053 4699 1142 4752 docuit

376 4804 482 4851 omues,
500 4795 528 4840 el
544 4789 666 4859 apprime
683 4789 734 4842 hue
753 4789 817 4842 facit
834 4789 906 4838 loeus
933 4788 960 4839 S.
986 4787 1137 4856 Scripturas

379 4871 455 4923 Joet.
476 4881 499 4921 2.
518 4889 542 4924 e.
561 4873 650 4927 22112
670 4871 775 4927 werden
790 4873 877 4925 indie
889 4873 1017 4925 1122222222
1026 4870 1139 4940 steigen,

374 4959 424 5012 wie
436 4959 480 5013 2122
494 4960 566 5012 Dieb
585 4959 614 5013 iu
633 4960 677 5014 die
689 4961 813 5014 Fensler.

410 5043 537 5112 Ejusdem
560 5043 615 5098 iere
639 5046 738 5099 farinae
762 5046 804 5098 illi
830 5063 929 5116 qnoque
958 5056 1138 5117 reputantur,

373 5130 419 5200 qui
438 5127 546 5200 quidem
566 5147 620 5182 non
638 5147 667 5184 se
684 5129 793 5184 aedibus
812 5130 906 5183 alienis
921 5131 1020 5182 includi
1035 5129 1141 5200 patiun-

374 5224 431 5272 tur;
464 5214 591 5278 interim,
618 5226 647 5268 ut
673 5233 703 5268 eo
729 5218 847 5268 securius
867 5225 894 5268 et
913 5213 1075 5269 commodius
1096 5213 1138 5265 fu-

373 5299 622 5360 rentur,'claribus
645 5299 817 5362 adulterinis,
841 5299 971 5354 German.
1005 5300 1053 5352 mit
1078 5299 1139 5350 dem

372 5378 507 5450 Dietricli,
528 5385 639 5436 claustra
657 5381 801 5439 artificiose
820 5393 951 5452 reserant,
966 5393 994 5436 et
1008 5384 1037 5435 in
1052 5381 1138 5435 aliena

1200 2605 1362 2674 imposturae
1386 2602 1458 2654 saria
1484 2601 1625 2672 exempla,
1653 2601 1686 2655 de
1710 2619 1741 2653 eo
1759 2599 1888 2672 prolixius
1906 2599 1967 2653 ride

1201 2686 1325 2740 ludovic.
1346 2683 1416 2736 Coel.
1436 2682 1581 2749 Rhodigin.
1601 2685 1723 2738 Lectica.
1752 2682 1900 2754 Antiquar.
1918 2683 1965 2735 lib.

1203 2779 1243 2821 tt.
1262 2787 1284 2821 2.
1306 2781 1329 2820 2.
1342 2786 1405 2838 pag.
1422 2776 1481 2817 222.
1501 2767 1542 2819 112.
1561 2767 1599 2820 1).
1619 2778 1645 2820 et
1668 2785 1727 2837 cap.
1754 2778 1778 2818 2.
1802 2766 1828 2818 d·
1854 2763 1914 2817 libr.
1938 2787 1964 2834 p.

1202 2863 1261 2905 191.

1235 2935 1371 2990 Caeterum
1398 2943 1425 2986 et
1448 2933 1504 2998 illi,
1528 2933 1574 3003 qui
1593 2931 1703 2985 Graecis
1733 2931 1892 3002 ττιχοβὰτιιι
1915 2931 1951 2984 di-

1197 3032 1310 3084 euntur,
1331 3018 1543 3070 Direetariorum
1564 3015 1679 3086 speciem
1701 3015 1860 3082 absolvunt,
1886 3036 1965 3087 quam

1196 3119 1285 3158 rocem
1306 3101 1391 3172 eapite
1411 3099 1498 3170 primo
1512 3101 1715 3172 explicavimus,
1728 3100 1775 3169 qui
1788 3100 1890 3153 scilicet
1911 3119 1966 3153 mu·

1197 3207 1240 3242 ros
1259 3187 1451 3248 conscendunt,
1471 3204 1500 3240 ae
1519 3186 1549 3236 iu
1568 3185 1645 3239 aedes
1663 3203 1691 3238 se
1711 3183 1816 3237 iurandi
1831 3205 1906 3238 causa
1924 3185 1966 3238 di-

1197 3275 1303 3343 riguntz
1328 3271 1417 3326 Diebe
1441 3287 1472 3324 so
1496 3271 1654 3341 einsteigen.
1673 3271 1780 3322 Etenim
1800 3271 1872 3323 ethi
1890 3271 1965 3340 qnasi

1197 3377 1245 3432 per
1260 3368 1343 3411 artem
1360 3357 1441 3409 iurari
1456 3355 1589 3419 didicere,
1604 3354 1668 3407 dura
1682 3363 1709 3406 et
1720 3353 1864 3407 altissimos
1876 3371 1964 3406 muros

1197 3447 1248 3500 lesi
1269 3463 1348 3516 opera
1369 3444 1555 3496 transcendere
1572 3449 1681 3494 norunt.
1700 3439 1773 3492 ilinc
1794 3440 1966 3510 1222222112]-

1197 3531 1286 3583 batem
1307 3526 1408 3589 furem,
1428 3527 1491 3578 dum
1512 3525 1541 3577 in
1568 3540 1672 3578 earcere
1693 3521 1889 3583 custodiretur,
1915 3523 1966 3587 ios·

1198 3631 1257 3666 sum
1278 3631 1292 3662 a
1320 3609 1473 3662 custodibus
1500 3605 1715 3678 compotantibus
1742 3603 1858 3675 speciem
1888 3603 1966 3656 edere

1196 3716 1257 3751 surm
1276 3694 1400 3748 solertiae
1420 3693 1448 3743 in
1462 3691 1574 3744 aedibus
1585 3685 1811 3744 conscendendis:
1825 3687 1908 3740 Initio
1927 3703 1965 3740 re·

1197 3801 1311 3843 curasse,
1325 3799 1353 3834 ae
1372 3780 1416 3832 rix
1437 3777 1542 3830 tandem
1562 3793 1714 3840 assensum,
1740 3775 1863 3846 spongeis
1880 3792 1908 3826 ac
1926 3791 1965 3826 re-

1198 3865 1321 3920 tinaculis
1340 3861 1434 3914 ferreis
1453 3859 1605 3930 expeditis,
1629 3875 1681 3930 per
1700 3875 1789 3910 mums
1813 3857 1911 3910 cursim
1935 3879 1963 3908 a·

1198 3947 1465 4014 scendisse3dumque.
1483 3943 1604 3995 custodes
1624 3939 1777 3993 mirabundi
1795 3937 1963 4009 stispiciunt,

1197 4043 1321 4103 snperato
1347 4039 1432 4091 tecto,
1459 4026 1614 4098 priusquam
1639 4025 1682 4079 illi
1706 4021 1870 4077 circumdare
1888 4023 1964 4076 aedes

1196 4127 1317 4190 possent,
1332 4115 1465 4168 desiliisse
1484 4111 1517 4165 de
1530 4110 1660 4172 aedibusr
1680 4109 1720 4162 uti
1735 4109 1801 4162 hanc
1814 4109 1964 4160 Historiam

1194 4220 1228 4256 ex
1245 4201 1330 4256 Saida
1348 4198 1431 4252 refert
1451 4195 1574 4252 Tbeodor
1594 4195 1729 4264 Ztvinger.
1763 4191 1873 4246 1122222.
1894 4193 1964 4245 vitae

1194 4290 1307 4342 1222222222.
1321 4285 1420 4340 22122222.
1436 4295 1460 4336 2.
1474 4281 1537 4336 libr.
1551 4293 1578 4334 5.
1590 4301 1618 4352 ρ.
1641 4291 1718 4332 2222.

1231 4374 1285 4426 atti
1305 4370 1469 4426 Direetarios
1488 4369 1553 4421 tales
1577 4366 1727 4419 Diaetarios
1752 4366 1884 4438 appellare
1911 4383 1962 4416 ma·

1192 4464 1266 4520 lunt:
1286 4461 1360 4514 Hine
1381 4458 1492 4511 1121222.
1517 4453 1639 4520 Turneb,
1659 4451 1719 4506 libr.
1741 4469 1764 4510 2.
1781 4453 1962 4507 Adamana.

1198 4557 1234 4598 22.
1249 4545 1335 4596 dicit:
1353 4543 1408 4611 Qui
1416 4558 1445 4593 se
1458 4541 1484 4593 in
1500 4538 1594 4592 aliena
1606 4536 1757 4590 coenacula
1774 4535 1898 4602 dirigunt
1911 4529 1964 4599 sa·

1195 4627 1278 4682 randi
1294 4625 1407 4688 aniana,
1427 4621 1568 4677 Diaetarii
1589 4629 1738 4680 vocantur:
1760 4619 1841 4688 Quod
1863 4635 1963 4671 coena·

1194 4712 1284 4762 culam
1310 4709 1415 4762 Diaeta
1440 4707 1521 4758 etiam
1548 4723 1604 4757 non
1633 4705 1706 4756 male
1736 4701 1832 4756 uocari
1855 4700 1962 4770 possit,

1192 4813 1252 4847 cunr
1271 4793 1299 4846 in
1320 4793 1413 4846 diaeta
1425 4791 1468 4844 sit.
1483 4793 1536 4842 Est
1554 4789 1732 4842 cainaeorum
1748 4784 1839 4838 diaeta
1848 4822 1857 4847 ‚
1877 4783 1964 4855 quiin

1192 4878 1348 4934 coenaculis
1367 4879 1502 4933 dubitant.
1523 4878 1596 4946 Quae
1617 4873 1813 4926 Diaetariorum
1833 4866 1965 4938 signifiea-

1194 4964 1231 5015 tio
1250 4979 1303 5014 non
1323 4962 1449 5032 displicet
1467 4959 1562 5012 Ludos.
1585 4958 1658 5010 Cetei.
1677 4954 1821 5023 Rhodigin.
1841 4952 1962 5006 lection.

1194 5048 1342 5119 Atrtiquar.
1357 5047 1402 5098 111.
1422 5057 1461 5097 22.
1481 5063 1540 5112 cap.
1558 5057 1599 5097 28.
1612 5045 1651 5096 112.
1664 5044 1703 5096 A·
1719 5059 1746 5110 p.
1762 5051 1820 5092 stt.
1840 5037 1875 5091 Et
1898 5038 1962 5091 hiric

1193 5135 1274 5186 etiam
1294 5131 1426 5185 Diaetarii
1444 5130 1569 5200 quaedam
1590 5129 1721 5180 editiones
1743 5125 1909 5193 Digestorum
1929 5123 1963 5173 le·

1192 5227 1266 5287 gunt.
1287 5219 1451 5287 Quamquam
1473 5215 1539 5266 falso
1557 5231 1605 5282 pro
1633 5208 1792 5265 Direetariis
1817 5207 1964 5262 Diaetariis

1193 5305 1321 5371 scriptum
1337 5321 1395 5356 csse
1408 5302 1501 5355 reliut.
1521 5299 1614 5350 Petrus
1631 5297 1728 5350 Crinit.
1743 5297 1775 5348 de
1794 5297 1899 5346 12222222.
1922 5291 1963 5343 di-

1194 5388 1300 5460 sciplin.
1320 5387 1380 5440 1112.
1406 5399 1443 5440 tt.
1458 5403 1479 5438 c.
1498 5395 1521 5434 2.
1540 5381 1612 5433 Alias
1630 5391 1718 5433 autem
1743 5381 1791 5432 boe
1811 5371 1963 5445 significatu
2001 5383 2032 5427 22
