4456 6332
438 519 490 570 855

367 619 426 688 ejas
444 636 492 670 ur.
514 621 591 668 1222.
602 610 630 662 d.
643 618 669 660 2.
686 604 883 660 herminiis
894 603 1067 660 formalibus:
1081 603 1135 658 Ais

366 703 447 768 lieget
464 699 601 767 stagera
620 692 676 756 od,
700 690 769 744 ulier
792 689 948 762 derisam
973 688 1069 742 &nen
1094 687 1138 740 Br

371 781 520 852 Bellagtin
537 777 632 833 onitso
643 772 838 846 hucbaldiget,
850 774 902 830 uie
910 775 1000 838 reelat,
1012 773 1081 825 nter
1090 769 1139 825 ste

368 863 563 936 curausndren.
581 857 714 914 Indessen
732 856 802 910 ater
822 858 879 910 don
899 859 944 909 Er
959 857 1036 910 niclrt
1051 859 1137 908 vorri-

937 505 1127 562 nrsrtnr.
1144 507 1216 560 ΠΧ.
1233 501 1348 561 carm
1366 508 1403 561 ΙΙ.

1822 509 1874 564 nst

1182 603 1318 671 legitimus
1340 621 1394 656 nou
1406 602 1575 668 admittitur,
1594 605 1716 656 erclnars
1734 623 1785 675 per
1804 613 1947 659 testamen-

1184 686 1299 750 tarium,
1318 686 1345 737 a
1364 687 1383 737 t
1406 696 1445 738 ιι.
1462 688 1950 762 erpr.1asr.‹tetegiarueel.agnac.

1184 787 1264 823 nemo
1281 769 1337 822 nisi
1354 769 1435 839 judea
1453 771 1556 841 pupillo
1574 771 1713 843 procidere
1729 774 1806 826 salet.
1818 775 1952 828 secutam
1974 785 2026 828 222

1185 854 1227 907 rio
1246 852 1329 906 ctiam
1348 850 1430 921 jader
1448 870 1540 908 msere
1556 863 1678 916 tenetur,
1696 870 1732 906 ne
1746 854 1776 906 in
1791 857 1954 925 pupillorum

373 949 436 1013 ber,
456 945 580 1000 sundere
597 942 634 994 ist
648 940 789 1010 sedaldig,
807 941 858 994 [br
879 940 925 993 die
947 937 1138 1008 rotlrcrsndr'ge
1184 937 1250 1008 quid
1267 933 1317 988 fiat
1328 936 1540 990 detrimentum:
1554 937 1667 1007 ideoque
1677 937 1791 990 minime
1799 941 1952 1008 permittet,

371 1031 522 1095 uiinrentn,
539 1027 590 1082 srt'e
607 1025 678 1078 uncle
695 1029 823 1096 Sumptus
834 1023 890 1076 litis
901 1043 936 1078 au
947 1021 1136 1092 suppeditiren.

303 1125 352 1170 222
410 1114 515 1170 sedan
534 1112 599 1164 baec
615 1107 734 1179 provisio
751 1107 948 1160 collateralibus
970 1107 1053 1160 etiam
1077 1123 1139 1159 con-

373 1193 510 1252 cedenda?
527 1196 609 1264 Resp-
631 1192 662 1248 si
680 1209 728 1264 per
743 1192 908 1246 eolbterales
925 1191 1022 1245 tratres
1031 1201 1077 1244 ant
1093 1208 1137 1246 so·

372 1299 446 1336 rores
465 1277 668 1349 intelliguntur,
693 1276 744 1330 boc
768 1274 851 1328 dubio
875 1285 962 1339 earet,
980 1276 1042 1345 quia
1065 1275 1094 1328 bi
1112 1291 1141 1328 se

373 1365 492 1418 invicem
510 1365 582 1416 alere
602 1371 735 1425 tenentur,
760 1361 780 1412 l.
801 1371 842 1412 22.
851 1355 893 1428 ff
918 1361 1000 1412 ulus
1020 1361 1140 1416 matrirn.

374 1461 402 1503 et
419 1451 438 1500 l.
460 1461 502 1501 ιι.
521 1455 544 1510 ς.
566 1447 634 1499 ιιι
646 1445 702 1515 jur.
719 1444 942 1514 donqaodeotm
955 1445 1039 1513 aliqui
1053 1445 1085 1496 ad
1099 1461 1141 1497 so

377 1551 452 1588 rores
468 1531 519 1585 boc
538 1529 720 1600 restringant,
743 1535 776 1581 ut
793 1529 836 1580 illi
855 1538 991 1581 tantuma
1015 1525 1142 1580 fratribus

375 1615 486 1687 possint
510 1613 636 1667 a'imenta
659 1621 764 1682 petere,
790 1613 888 1664 meritc
912 1611 974 1662 aliis
999 1609 1141 1683 displicet,

377 1697 537 1751 consultissf
554 1696 608 1748 Do.
633 1696 668 1748 Ι).
687 1691 821 1750 vvcttbaa
846 1695 875 1746 in
893 1696 1022 1764 praeiret.
1042 1693 1142 1762 public.

377 1782 418 1834 ud
433 1780 473 1832 tit.
492 1780 532 1832 ad
548 1777 639 1832 olend.
656 1778 733 1832 liber.
753 1782 820 1848 Beg.
835 1790 859 1828 ι.
873 1778 950 1846 Quod
964 1780 1051 1846 itaque
1064 1777 1144 1845 judex

379 1863 451 1917 inter
470 1865 518 1915 bos
537 1863 565 1916 in
586 1862 702 1914 termino
721 1861 859 1924 concedit,
877 1859 944 1912 illud
959 1861 1042 1914 etiam
1054 1876 1145 1911 conce-

379 1946 443 2002 dere
460 1947 539 2000 debet
557 1946 588 1998 in
605 1945 662 2012 ria,
681 1957 707 1999 et
723 1945 763 1998 sic
773 1943 806 1996 ad
819 1945 875 1998 litis
890 1945 1026 2013 impensas
1038 1960 1088 2012 per
1100 1941 1146 1996 de·

311 2044 360 2088 222
380 2041 482 2086 cretum
501 2031 554 2083 iot.
570 2027 745 2081 conda-nare
763 2026 879 2080 invicem
904 2037 1020 2080 neuun
1033 2025 1090 2080 ttae
1106 2025 1149 2076 di-

379 2113 583 2185 stingnendum,
602 2129 636 2164 an
653 2111 857 2179 consanguinei,
880 2110 999 2172 aurini,
1024 2119 1070 2162 ant
1090 2125 1149 2176 ger-

381 2199 458 2252 mani
476 2195 549 2258 sint,
568 2210 616 2265 per
632 2212 677 2258 eu,
695 2212 763 2265 quae
779 2195 832 2246 late
851 2209 883 2245 ex
903 2193 964 2245 aliis
978 2189 1087 2244 deducit
1099 2191 1149 2244 sao·

381 2283 433 2334 ier.
444 2283 478 2336 de
493 2279 617 2335 oiiment.
630 2277 677 2330 lib.
695 2287 718 2328 t.
730 2295 753 2330 c.
768 2289 792 2328 2.
806 2295 834 2329 ιι.
850 2289 876 2328 a·
889 2291 959 2345 seqq.
973 2275 1052 2327 modo
1063 2274 1149 2328 aliun-

384 2364 419 2416 de
435 2381 490 2416 non
510 2360 596 2432 possit
612 2359 738 2430 consequi
756 2359 899 2424 annau,
918 2376 967 2412 nec
979 2359 1077 2428 ingrati
1090 2373 1151 2426 erga

385 2448 502 2501 invicem
520 2445 640 2498 existam
657 2444 692 2498 ob
710 2444 770 2496 illas
787 2460 889 2510 musas,
905 2443 941 2497 ob
957 2461 1021 2513 quas
1038 2445 1072 2496 ab
1090 2444 1151 2496 bae-
1188 2485 1192 2490 .

384 2531 495 2586 reditate
513 2539 628 2604 possunt
641 2527 763 2594 excindi,
776 2527 861 2582 Coler.
875 2529 908 2582 de
920 2528 1042 2581 adimerat.
1052 2528 1081 2581 d·
1091 2528 1110 2580 i.
1123 2546 1153 2579 n.

387 2629 430 2669 22.
450 2626 548 2686 etseq.
567 2613 601 2666 de
618 2613 714 2683 quibus
732 2615 819 2667 causis
837 2614 898 2666 ride
916 2615 985 2666 Nor.
1005 2624 1047 2664 22.
1066 2631 1089 2666 e·
1109 2623 1152 2664 22.

325 2713 373 2756 222
395 2703 440 2756 sic
458 2701 483 2752 si
502 2699 581 2752 tratri
601 2708 692 2752 contra
711 2696 822 2750 tratrem
841 2698 876 2749 lis
892 2698 945 2762 sit,
959 2698 1152 2750 utalimentaa

387 2794 465 2856 patre
482 2783 591 2845 relicta,
609 2790 655 2834 aut
673 2781 731 2849 jure
743 2779 970 2850 primogeniturae
980 2778 1152 2850 praestanda,

386 2881 570 2940 consequatur,
590 2868 703 2920 interim
722 2867 745 2919 si
760 2866 916 2920 fraternitas
926 2877 1047 2936 negetur,
1064 2866 1154 2936 prori-

387 2955 427 3006 sio
446 2951 485 3006 fit.
502 2951 626 3006 tteuocta
645 2951 680 3004 de
696 2961 862 3020 praesumpt-
875 2951 922 3004 iib-
940 2961 963 3003 1.
976 2969 1001 3004 c.
1016 2963 1059 3004 22.
1070 2969 1099 3004 ιι.
1113 2961 1153 3002 12.

322 3048 370 3090 trs
390 3037 467 3090 L'ltra
485 3035 583 3089 iratres
601 3045 689 3089 autem
708 3034 771 3086 licet
789 3033 875 3088 Coler.
895 3033 921 3086 d·
935 3034 953 3086 l.
967 3053 997 3086 ιι.
1011 3045 1052 3085 22.
1065 3045 1155 3088 erten-

386 3120 432 3172 dat
448 3119 634 3172 alimentorum
654 3119 874 3188 praestationem,
892 3119 954 3188 quin
975 3126 1067 3170 tamen
1086 3119 1155 3186 leges

386 3213 487 3256 tantum
506 3205 652 3272 loqurmtnr
670 3200 704 3252 de
728 3200 872 3265 iratribns;
898 3213 923 3254 et
947 3200 1011 3254 baec
1036 3201 1155 3273 prorisio

390 3286 472 3338 etiam
492 3286 548 3339 litis
567 3285 703 3354 imputans
723 3286 753 3336 in
767 3301 796 3338 se
809 3287 944 3348 mutiret,
957 3286 1072 3340 fratrum
1084 3282 1159 3340 filios

387 3369 513 3423 excludo:
533 3378 561 3421 et
578 3369 612 3421 de
628 3369 672 3420 bis
691 3370 828 3440 iutelligo,
839 3371 911 3440 quod
923 3369 1000 3426 babet
1012 3370 1113 3442 Papnn.
1124 3373 1157 3426 de

388 3457 496 3508 Arrest.
516 3453 620 3506 Franc.
639 3451 686 3504 tit.
709 3463 749 3505 ts.
766 3453 807 3505 tit.
830 3465 852 3505 2.
867 3456 973 3508 Arrest.
989 3463 1030 3506 st.
1043 3455 1091 3508 nbi
1104 3457 1158 3508 col-

387 3535 540 3591 lateralibus
559 3535 738 3608 provisionem
756 3537 950 3591 concedendam
967 3537 1064 3608 negat,
1075 3559 1091 3590 a
1103 3559 1161 3594 suc-

390 3623 510 3676 cessione
528 3621 603 3673 enim
621 3621 655 3674 ad
673 3621 799 3678 alimenta
816 3635 999 3692 argumentum
1018 3645 1071 3681 uon
1082 3627 1159 3679 daci·

389 3717 451 3772 tnr,
467 3706 514 3759 illa
528 3705 662 3761 interdum
672 3706 778 3776 lougius
791 3711 902 3761 remotis
913 3709 1048 3777 defertur,
1061 3721 1090 3764 et
1103 3710 1158 3763 lra-

392 3793 444 3844 tris
460 3788 535 3846 lilim
553 3790 643 3862 putrui
656 3801 843 3845 testamentum
857 3791 1039 3850 inofficiosum
1054 3814 1108 3850 noa
1120 3795 1163 3846 di-

391 3877 437 3931 cit.
456 3876 474 3928 l.
495 3887 537 3927 22.
557 3877 587 3930 C.
604 3877 637 3929 de
655 3872 737 3945 inoffi
755 3887 862 3930 testum.

323 3974 372 4016 222
429 3959 620 4014 controversiis
637 3961 667 4012 in
679 3959 780 4016 familia
790 3960 858 4014 oriri
869 3963 970 4026 solitis,
983 3965 1110 4018 subnecto
1122 3975 1163 4018 ta-

390 4047 498 4105 telares,
516 4059 657 4112 personam
683 4059 729 4095 seo
747 4045 854 4106 ultoris,
880 4061 926 4098 seu
952 4045 1052 4115 pnpilli
1077 4048 1164 4115 respi-

392 4127 505 4178 cientes.
514 4126 547 4180 Ft
557 4123 794 4195 quispnpillornnt
806 4143 897 4180 musae
909 4127 1093 4198 privilegiatae
1107 4147 1164 4182 ma·

391 4211 467 4262 aime
484 4221 545 4264 sunt
563 4225 592 4260 ac
611 4207 785 4276 favorabiles,
806 4210 910 4280 piisque
934 4222 1160 4266 annumerantur:

393 4297 459 4347 binc
477 4311 525 4366 pro
544 4295 580 4347 iis
598 4293 718 4347 laborare
740 4294 828 4347 modis
845 4295 971 4351 omnibus
991 4308 1095 4352 terretur
1119 4300 1161 4365 ju-

391 4379 457 4445 der,
478 4389 508 4432 ut
524 4396 603 4450 quarn
621 4377 757 4432 citissime
776 4395 829 4431 oon
844 4382 938 4434 saltem
952 4377 1097 4445 liniantur,
1113 4384 1161 4436 sed

393 4465 474 4517 etiam
488 4463 606 4535 ipsorum
617 4463 780 4534 pupillorum
796 4464 934 4516 commoda
949 4475 1159 4533 promoveantur.

310 4557 313 4562 '
394 4547 473 4618 de
492 4547 521 4598 in
541 4545 773 4600 administratione
794 4547 888 4598 tutelae
905 4547 967 4614 quia
989 4549 1161 4618 potissimum

396 4633 546 4701 contingit,
565 4631 646 4698 juder
665 4649 709 4684 eos
723 4629 876 4684 indefensos
887 4648 941 4686 non
953 4632 1101 4702 relinquat,
1115 4634 1161 4688 scd

394 4733 473 4786 qum
492 4710 552 4767 lieri
572 4724 675 4784 potest,
694 4714 750 4768 cito
761 4723 859 4768 tutores
873 4715 1012 4769 nominare
1022 4727 1047 4770 et
1059 4719 1160 4772 consti·

329 4811 375 4854 222
398 4809 470 4851 tuere
488 4795 630 4850 obstrictus
649 4805 697 4849 est.
718 4797 787 4866 Quia
806 4813 866 4851 aero
887 4805 958 4849 tutor
977 4797 1081 4852 dativus
1095 4799 1160 4852 defi-

395 4881 526 4936 cientibus
545 4880 754 4933 testamentariis
766 4892 793 4933 et
809 4879 939 4950 legitimis
958 4881 1067 4936 demum
1091 4885 1162 4938 desi·

396 4975 501 5036 guntur.
518 4981 561 5036 pr.
575 4966 644 5018 Inst.
663 4964 690 5016 d
708 4963 890 5020 Attilsntor.
910 4965 939 5020 Si
953 4975 1109 5024 testamento
1122 4979 1163 5024 tu-

398 5060 441 5102 tor
461 5047 509 5100 sub
528 5045 685 5101 conditione
705 5046 798 5111 datus,
818 5046 835 5097 1.
862 5058 887 5099 s.
912 5055 934 5108 ς.
962 5057 985 5098 t.
1002 5063 1056 5117 req.
1065 5049 1107 5120 ff
1128 5050 1161 5103 de

399 5141 505 5186 testam.
525 5129 600 5183 tarel.
619 5137 640 5191 ς.
662 5141 686 5181 s.
705 5132 774 5182 Inst.
788 5129 845 5182 eod·
858 5147 892 5182 ue
903 5128 1012 5182 interim
1026 5129 1089 5184 ‹lnm
1102 5149 1163 5203 pen-

400 5220 446 5269 det
466 5215 601 5277 conditio,
621 5212 784 5284 pupillorum
809 5231 851 5267 res
876 5215 1054 5284 negligantur,
1083 5218 1162 5270 alitam

400 5313 514 5357 tutorem
533 5300 644 5352 interim
663 5299 727 5352 dare
745 5309 847 5353 tenetur
866 5299 960 5364 iudex,
980 5307 1001 5362 ς.
1025 5303 1165 5354 t.1nrr.d.

402 5397 420 5438 1.
437 5388 457 5448 l,
479 5399 518 5440 ιι.
528 5383 569 5458 ff.
586 5385 619 5441 de
637 5395 743 5441 testum.
763 5395 810 5440 tut·
832 5383 894 5458 qnia
909 5385 984 5440 enim
997 5383 1046 5438 hoc
1060 5384 1089 5439 iu
1104 5403 1167 5440 casu

1187 1031 1219 1074 ut
1237 1029 1319 1084 mbr,
1337 1019 1385 1089 qni
1402 1037 1462 1072 eura
1480 1021 1583 1091 pupillo
1605 1022 1713 1090 judicio
1730 1041 1807 1091 egere
1830 1025 1898 1088 ruit,
1923 1025 1954 1076 in

1186 1124 1245 1158 rern
1264 1121 1338 1157 suam
1356 1111 1448 1157 auctor
1464 1102 1528 1170 fiat,
1546 1113 1575 1157 et
1591 1105 1713 1158 eantrat
1730 1117 1770 1158 22.
1788 1103 1813 1177 5.
1832 1103 1901 1175 effi
1915 1107 1956 1160 od

1188 1191 1253 1245 affit-
1277 1189 1393 1242 Tretett.
1406 1189 1540 1259 duplicem
1553 1203 1694 1258 personam
1708 1190 1806 1242 actoris
1815 1199 1843 1242 et
1853 1190 1893 1242 rei
1906 1208 1954 1242 su·

1189 1271 1294 1325 stioert.
1312 1273 1383 1341 Quia
1400 1272 1473 1324 enim
1491 1282 1602 1344 propter
1620 1271 1789 1327 affectionem
1801 1274 1957 1344 sibipotins

1189 1371 1269 1422 quam
1280 1353 1388 1424 pupilio
1394 1355 1558 1420 consuleret,
1572 1372 1630 1424 arg.
1642 1355 1662 1406 i.
1676 1369 1716 1410 to.
1724 1353 1759 1423 ff.
1771 1355 1805 1408 de
1815 1356 1959 1409 Iurisdiet.

1190 1435 1253 1489 ideo
1269 1436 1395 1502 interim,
1413 1437 1499 1506 quoad
1518 1437 1619 1491 solutio
1633 1449 1786 1508 peragatur,
1804 1437 1830 1490 ei
1849 1450 1956 1492 curator

1190 1519 1387 1590 adjungendus,
1405 1521 1432 1571 si
1449 1521 1508 1572 scil.
1529 1521 1597 1574 alius
1616 1531 1687 1574 tumr
1705 1541 1759 1574 uon
1771 1522 1849 1576 adsit.
1868 1529 1890 1585 ς.
1898 1522 1959 1594 fir.

1195 1609 1228 1658 Ιιι
1254 1617 1280 1660 s.
1304 1606 1337 1657 de
1355 1615 1461 1658 anter.
1486 1615 1569 1658 tuter.
1594 1606 1648 1660 Sed
1672 1625 1706 1660 er
1730 1625 1784 1678 quo
1807 1607 1887 1660 bodie
1912 1625 1960 1679 per
1982 1620 2034 1662 222

1192 1691 1263 1743 Nor.
1282 1700 1325 1740 22.
1342 1707 1364 1742 c.
1391 1699 1414 1740 2.
1432 1690 1554 1743 creditor
1568 1691 1611 1742 rel
1622 1690 1730 1744 debitor
1741 1692 1776 1744 sd
1786 1693 1893 1744 tutelam
1905 1710 1961 1746 uon

1192 1773 1360 1834 admittitur,
1383 1773 1438 1824 nisi
1464 1771 1532 1826 lorte
1550 1784 1634 1826 mater
1650 1775 1691 1828 rel
1715 1775 1773 1827 avia
1799 1775 1851 1840 sit,
1873 1778 1960 1828 Antia.

1195 1857 1318 1909 Adloec.
1336 1856 1369 1910 C.
1383 1857 1484 1925 quand.
1503 1857 1569 1910 mul.
1586 1875 1661 1910 casm
1678 1857 1724 1910 bic
1742 1875 1802 1910 raro
1815 1860 1961 1927 contingit,

1193 1941 1305 1993 Franci.
1325 1941 1364 1994 sd
1382 1941 1474 1994 lnrtit.
1491 1944 1518 1996 d.
1536 1949 1558 2004 2.
1566 1941 1628 2012 fin.
1646 1963 1674 1995 ιι.
1694 1955 1722 1994 s.
1737 1943 1854 1997 ratenus
1873 1953 1965 1997 2ιιιιιιι

1195 2026 1250 2078 boc
1266 2041 1327 2077 casn
1346 2024 1418 2078 decr.
1437 2027 1488 2078 int.
1510 2025 1596 2080 adbuc
1617 2028 1702 2080 locum
1719 2028 1816 2092 babet,
1833 2039 1966 2098 quatenus

1196 2111 1280 2166 tutori
1301 2123 1359 2182 pest
1379 2113 1489 2164 tutelam
1508 2121 1654 2184 susceptam
1672 2112 1786 2166 debitori
1804 2111 1872 2166 lacto
1890 2131 1966 2166 cura-

1198 2203 1241 2248 tor
1257 2192 1456 2262 adjruagendns,
1475 2194 1496 2246 d
1521 2197 1589 2249 Nor.
1609 2207 1654 2248 22.
1670 2213 1694 2249 e.
1714 2207 1740 2246 2.
1754 2197 1843 2264 Magn
1860 2195 1964 2249 Brnnn.

1201 2282 1229 2334 in
1252 2283 1355 2334 Exere.
1375 2282 1414 2334 ud
1432 2281 1521 2334 instit.
1538 2283 1571 2335 de
1586 2285 1699 2338 :hector-
1712 2291 1794 2334 22222.
1808 2279 1892 2352 §.fita
1904 2293 1931 2334 et
1943 2289 1966 2343 ξ.

1202 2375 1227 2415 ι.
1247 2363 1281 2418 «te
1299 2366 1437 2420 Eoeeasm.
1455 2375 1538 2419 saror.

1238 2451 1284 2502 Sic
1301 2450 1408 2520 pupille
1424 2449 1555 2504 succurrit
1570 2467 1673 2520 quoqne
1688 2450 1784 2518 judex,
1802 2452 1906 2522 quando
1925 2473 1972 2524 pu-
1996 2467 2047 2508 tto

1201 2545 1244 2586 ter
1258 2533 1353 2586 absens
1370 2542 1416 2586 aut
1433 2533 1462 2585 iu
1480 2533 1552 2587 bello
1568 2543 1625 2598 est,
1643 2533 1669 2586 ei
1687 2545 1834 2588 murem
1865 2537 1973 2602 dando,

1200 2615 1304 2686 qnando
1323 2617 1469 2687 propinqui
1488 2617 1516 2668 id
1532 2627 1625 2686 petere
1639 2617 1795 2686 negligunt,
1811 2619 1881 2674 ller-
1897 2640 1925 2682 ιι.
1948 2633 1972 2672 t.

1203 2701 1294 2756 Deris.
1314 2707 1357 2752 tl.
1373 2715 1429 2770 seq.
1446 2711 1472 2754 et
1488 2701 1517 2752 in
1537 2701 1588 2752 boc
1604 2715 1665 2752 casn
1677 2711 1752 2772 pater
1767 2702 1879 2772 aliquis,
1892 2715 1970 2756 aute-

1200 2803 1278 2856 quam
1293 2785 1439 2837 militatum
1451 2781 1687 2853 proficiscebatur,
1699 2781 1759 2837 lilio
1771 2796 1919 2842 curatorem
1933 2789 1974 2855 ju-

1202 2869 1338 2922 dicialiter
1358 2867 1547 2930 eonstituebat,
1565 2867 1671 2936 mande
1688 2867 1827 2937 legitimus
1844 2880 1915 2924 tutor
1932 2881 1978 2924 est

1203 2955 1294 3007 asinus
1311 2951 1431 3006 ἰᾶοιιοιιι.
1452 2952 1598 3022 Quaeritur
1615 2961 1718 3018 sutem,
1735 2969 1770 3004 sn
1789 2953 1840 3006 boe
1851 2971 1913 3006 casu
1930 2971 1977 3006 cn-

1205 3047 1336 3100 ratorem‚
1353 3055 1387 3088 an
1405 3054 1470 3090 sero
1489 3045 1605 3090 tutorem
1623 3035 1705 3086 alium
1730 3032 1794 3089 det?
1819 3037 1977 3090 Curatooem

1203 3119 1402 3191 adjungendum
1427 3130 1506 3191 puto,
1525 3120 1588 3189 quia
1611 3128 1724 3172 tutorem
1750 3119 1879 3184 babenti,
1905 3132 1979 3174 tutor

1205 3223 1259 3258 aon
1277 3203 1370 3267 datur,
1388 3205 1409 3256 t.
1428 3213 1471 3254 ιι.
1488 3204 1522 3257 de
1553 3203 1622 3256 Tar.
1646 3204 1733 3257 roret
1756 3211 1780 3266 ς.
1808 3215 1834 3256 s.
1856 3210 1925 3259 laer.
1943 3209 1980 3258 de

1208 3291 1302 3344 natae
1322 3286 1399 3340 llius
1416 3285 1491 3338 enim
1509 3295 1581 3338 tutor
1600 3286 1663 3339 sine
1677 3286 1825 3356 ignominia
1836 3291 1910 3355 eju,
1930 3290 1980 3356 qui

1208 3375 1263 3444 iam
1282 3382 1340 3436 est,
1356 3387 1410 3424 sou
1427 3379 1516 3439 pssset
1532 3369 1657 3438 adiungi:
1670 3379 1698 3423 et
1714 3369 1837 3440 iniquum
1848 3383 1917 3424 esset
1928 3389 1980 3454 prp

1207 3467 1280 3528 parte
1298 3465 1397 3510 nomas
1415 3451 1620 3519 administrare,
1639 3453 1686 3522 qui
1704 3451 1735 3505 in
1754 3463 1835 3508 totum
1849 3457 1914 3508 satis
1931 3455 1980 3508 dc-

1209 3543 1260 3594 dit.
1278 3539 1358 3610 Quod
1377 3539 1407 3590 in
1425 3547 1544 3590 curatore
1556 3553 1611 3590 non
1624 3537 1811 3606 includam,
1824 3541 1871 3609 qui
1883 3540 1982 3593 saltem

1210 3623 1352 3692 adjurandi
1374 3633 1403 3677 et
1426 3621 1580 3676 sublevandi
1604 3623 1689 3693 gratis
1714 3623 1874 3693 adjungitur.
1897 3625 1984 3678 Tutor
2004 3640 2055 3682 121

1211 3710 1299 3778 itaque
1317 3707 1476 3778 regulariter
1491 3723 1544 3760 nen
1562 3705 1732 3776 adjungiturc
1748 3708 1803 3760 nisi
1815 3706 1884 3760 bona
1895 3708 1924 3760 in
1938 3708 1983 3760 di-

1212 3795 1299 3848 rersis
1315 3789 1463 3862 procinctu
1481 3791 1543 3843 sita.
1561 3791 1581 3841 l.
1601 3801 1643 3842 2ι.
1661 3797 1685 3852 ς.
1702 3791 1751 3844 alt·
1768 3791 1801 3844 de
1813 3791 1932 3844 Euenos.
1946 3795 1980 3846 l.

1216 3889 1260 3933 22.
1276 3885 1299 3941 ς.
1319 3891 1343 3930 2.
1362 3877 1395 3930 de
1416 3875 1564 3929 Adminio.
1584 3885 1665 3930 ustor.
1687 3875 1741 3928 Aut
1759 3878 1783 3930 si
1803 3875 1982 3948 impedimen-

1214 3972 1268 4014 tum
1289 3959 1318 4012 iu
1336 3968 1425 4014 tutore
1443 3959 1480 4012 sit
1496 3969 1669 4029 perpetuum,
1683 3961 1726 4012 rel
1736 3977 1819 4013 moos
1832 3960 1983 4030 pubertatis

1214 4043 1363 4108 excedens,
1388 4043 1424 4098 eb
1441 4042 1512 4114 quod
1529 4061 1663 4113 uunquam
1683 4056 1813 4114 praestare
1830 4055 1919 4116 posset
1936 4067 1985 4099 an-

1212 4129 1373 4192 nortuum
1391 4145 1453 4178 nam
1471 4137 1528 4180 turn
1546 4127 1569 4178 si
1587 4125 1621 4179 ab
1633 4127 1717 4180 initis
1727 4126 1811 4190 adsit,
1822 4138 1851 4182 et
1863 4147 1878 4180 e
1891 4145 1920 4181 re
1932 4147 1985 4199 pu-

1212 4212 1274 4282 pilli
1291 4209 1518 4284 deprehendatur,
1534 4219 1605 4266 tntor
1617 4211 1689 4263 alins
1699 4209 1808 4280 adjungi
1819 4222 1921 4281 potest:
1935 4232 1984 4266 cu-

1212 4305 1283 4348 rator
1298 4297 1372 4349 enim
1389 4313 1444 4349 non
1461 4311 1568 4366 semper
1585 4290 1702 4357 sufficit,
1720 4303 1750 4346 ut
1768 4295 1798 4344 in
1817 4293 1983 4348 haereditate

1211 4377 1382 4434 adeundas.
1397 4389 1438 4430 tt.
1449 4375 1584 4450 infimffi
1596 4375 1630 4430 de
1644 4375 1735 4447 Apelt.
1747 4373 1861 4444 Magnif-
1876 4375 1985 4429 Brenn.

1212 4464 1241 4516 in
1259 4467 1360 4518 Exere.
1381 4463 1419 4517 ud
1437 4466 1506 4516 Inst.
1524 4459 1549 4533 fi.
1572 4474 1596 4513 2.
1609 4461 1643 4514 de
1659 4461 1785 4514 Curator.
1807 4460 1937 4530 Quamuis
1950 4462 1984 4513 in

1210 4549 1254 4602 bis
1272 4549 1377 4602 casibus
1394 4547 1547 4602 vocabulum
1565 4543 1699 4600 cantone
1718 4561 1796 4616 saepe
1814 4545 1896 4596 latius
1909 4545 1981 4596 acci·

1210 4632 1312 4701 piatur,
1330 4641 1358 4686 et
1375 4647 1435 4686 cum
1455 4631 1550 4684 tutoris
1561 4627 1748 4683 confundatur.
1762 4645 1787 4678 ι.
1799 4625 1984 4682 Barchon-od

1212 4711 1315 4766 Treutl.
1333 4713 1391 4766 ool.
1411 4723 1436 4765 2.
1452 4713 1522 4782 disp.
1541 4723 1567 4764 s.
1588 4713 1626 4762 ιΙι.
1647 4723 1674 4761 ι.
1692 4709 1732 4761 lit.
1749 4711 1783 4764 C.

1248 4796 1383 4850 Similiter
1400 4813 1504 4867 qaroqm
1523 4795 1629 4865 papilio
1644 4795 1756 4847 interim
1778 4794 1919 4866 procidere
1936 4803 1976 4846 tc·
1998 4805 2050 4848 222

1212 4891 1293 4935 uetur
1310 4881 1405 4948 judex,
1425 4879 1449 4932 si
1467 4879 1573 4932 adversa
1591 4877 1715 4933 valetudo
1739 4880 1837 4932 tutoris
1861 4879 1980 4931 admini-

1200 4965 1338 5026 strationi
1357 4961 1555 5034 impedimento
1573 4961 1619 5014 sit·
1638 4962 1707 5033 Quia
1725 4979 1780 5015 non
1792 4963 1886 5014 statim
1897 4961 1981 5030 quili-

1213 5051 1260 5105 bet
1277 5049 1385 5104 morbus
1404 5049 1602 5104 eacusationem
1621 5057 1767 5119 praestata
1785 5047 1876 5111 tutela,
1895 5047 1982 5097 sedis

1213 5135 1337 5199 demum,
1354 5135 1389 5190 ob
1407 5151 1486 5204 quern
1506 5149 1540 5186 ne
1558 5135 1614 5186 snis
1626 5130 1735 5202 quidem
1749 5131 1827 5184 rebus
1844 5145 1985 5201 superesse

1214 5227 1300 5290 potest
1323 5227 1400 5271 tutor.
1427 5221 1459 5272 l.
1481 5229 1521 5271 to.
1540 5213 1683 5287 §.fimffi
1707 5216 1742 5269 de
1766 5217 1902 5268 Eremos
1919 5215 1984 5266 ideo

1214 5301 1259 5354 bic
1278 5301 1500 5371 distinguendum
1519 5301 1590 5354 inter
1610 5299 1732 5353 morbum
1750 5307 1984 5362 momentaneum,

1214 5387 1371 5446 diuturnum
1388 5397 1415 5440 et
1427 5395 1593 5459 perpetuum.
1609 5385 1640 5441 si
1654 5395 1799 5457 perpetuus
1812 5383 1849 5436 sit
1860 5382 1983 5448 unum,
