4504 6344
451 459 504 528 css
527 501 528 506 a
924 460 1113 520 ntsrurtr.
1132 463 1178 518 tx.
1196 463 1312 520 aanor
1330 463 1391 522 stt.
1833 461 1886 528 tii

381 562 496 616 eointom
513 553 805 614 domininm'trrnsiert
822 555 852 612 in
871 557 1028 613 creditorem
1047 575 1097 630 per
1110 557 1139 610 1..
1191 559 1221 612 in
1240 559 1351 612 totomm
1368 557 1445 612 datae
1467 555 1657 628 repetitionem
1678 556 1778 628 poterit
1803 554 1953 626 intentares

380 645 465 718 Legis
481 645 585 700 ert'oe.
605 655 630 697 t.
646 648 680 703 G·
693 643 741 717 cui
756 645 812 698 ion
831 641 894 699 caet
905 657 981 713 potr,
999 643 1142 696 Translate
1192 643 1229 696 Et
1247 644 1298 698 inne
1309 641 1525 713 pcrtiosttoxtot
1538 656 1680 712 expressus
1694 639 1762 694 benc
1773 641 1957 712 quaestionem

381 741 471 787 autem
489 729 611 784 &minio
628 721 730 783 nnilum
749 733 793 800 jns
804 725 920 782 debitori
938 743 988 796 pro
1005 726 1143 797 repetenda
1194 725 1358 783 mibcienter
1375 727 1440 782 satis
1457 724 1582 780 decidens
1608 724 1639 776 in
1657 726 1689 779 d.
1714 729 1897 780 successores.
1918 739 1960 781 to.

382 829 413 868 re
428 829 590 868 comessum.
609 813 668 866 tm
685 812 799 862 cicutab
816 810 955 880 emptione
971 819 997 863 et
1013 808 1144 864 venditio·
1192 815 1226 869 G.
1250 810 1285 864 de
1308 809 1359 864 rod.
1379 817 1406 863 et
1424 807 1491 862 idid.
1518 802 1634 876 unguii.
1653 805 1709 860 lin.
1727 807 1762 858 D.
1780 805 1883 862 Brunn
1901 805 1961 860 bnt.

379 913 416 948 ne
433 891 649 948 contrahentium
657 907 727 946 unus
742 892 827 946 nitere
844 892 930 948 invito
949 894 1073 948 recedere
1091 913 1145 948 non
1192 898 1315 951 ¹'destruc
1333 896 1401 950 Dec.
1414 894 1578 948 Pedemout·
1599 888 1658 954 tdt.
1675 909 1705 944 n.
1719 901 1742 944 t.
1757 891 1831 946 liuid-
1850 895 1888 948 od
1901 891 1927 946 sd
1939 892 1960 947 d.
1984 939 1987 949 .

380 987 478 1052 pateat,
496 977 667 1048 metertim,
687 975 712 1028 ai
729 987 908 1032 muonmmatr
925 975 963 1030 cit
979 975 1144 1040 venditio,t.
1198 993 1238 1036 to.
1256 978 1322 1036 Cori.
1340 978 1376 1032 Et
1393 979 1459 1034 baec
1469 976 1503 1030 dc
1514 976 1622 1030 soumis
1632 973 1682 1028 luc
1693 975 1819 1030 intricata
1833 976 1899 1029 satis
1910 995 1959 1032 nac
1999 985 2031 1030 tt

367 1059 430 1136 fin.
449 1065 473 1116 Ι.
496 1059 568 1133 quit.
588 1060 660 1115 mod.
677 1061 738 1115 todi.
761 1061 816 1114 odi.
837 1061 875 1115 ita
897 1061 980 1114 ctiam
1003 1060 1033 1112 in
1051 1067 1145 1113 nostro
1192 1064 1281 1121 ubivis
1300 1061 1378 1118 obvia
1399 1079 1449 1136 pro
1474 1059 1579 1131 ingenii
1605 1059 1865 1114 tenuitate‘dixissc
1883 1057 1962 1114 tuffi-

383 1142 530 1212 beneiicio‚
543 1143 615 1218 qnod
631 1145 760 1218 emptioni
770 1155 940 1217 comparatur
948 1146 1070 1217 perium
1082 1161 1145 1202 soc
1194 1151 1280 1213 monta
1300 1157 1329 1203 tn
1345 1145 1502 1218 sequemine
1523 1146 1608 1197 iactor
1632 1161 1681 1214 pro
1707 1142 1822 1198 candme
1839 1154 1885 1199 tuo
1904 1161 1960 1198 ma

378 1231 441 1302 piru
452 1231 579 1286 musea
591 1229 653 1286 Non
670 1231 770 1304 poterit
783 1248 859 1301 ergo,
870 1231 927 1284 uisi
938 1230 1078 1301 utriusque
1087 1231 1146 1284 dia·
1195 1235 1290 1289 liorem
1300 1233 1330 1286 in
1341 1242 1445 1303 partem
1457 1231 1521 1284 brec
1530 1227 1699 1299 explicabis:
1713 1227 1785 1282 DEO
1799 1246 1865 1284 sero
1872 1229 1906 1284 0.
1920 1229 1960 1284 di.

384 1333 464 1370 smsn
482 1307 550 1370 coiri
566 1314 663 1371 iterum
685 1315 759 1369 datio
777 1315 807 1368 in
831 1315 954 1370 nodotum
979 1315 1065 1370 Hisce
1081 1316 1146 1369 nlti-
1194 1314 1336 1388 prosatici
1355 1317 1434 1385 hujus
1452 1313 1880 1385 laboriosocoessn,perpetuam
1898 1314 1960 1368 ani·

381 1415 428 1451 mo
445 1397 546 1453 accedit
562 1397 626 1464 hoc,
643 1398 714 1470 qood
731 1398 804 1452 datio
821 1397 852 1450 io
870 1399 984 1452 wiotum
1002 1399 1096 1454 liberet
1111 1400 1145 1452 ab
1195 1399 1234 1455 mi
1252 1399 1461 1473 gratitudinem,
1475 1397 1617 1468 notoque
1628 1413 1760 1469 perennet
1770 1413 1962 1472 nnncqtomoe.

383 1481 561 1554 obligatione3
580 1482 604 1536 si
622 1499 685 1552 ergo
701 1481 827 1552 ὠΙίςιῐίο
850 1483 966 1544 subiato,
984 1501 1015 1536 ae
1040 1482 1146 1537 antisio-

385 1577 458 1623 ctttm
476 1566 618 1637 creditori,
631 1569 705 1623 nuiio
722 1567 781 1636 iure
799 1567 903 1622 debitor
912 1568 1046 1622 sotium
1062 1567 1096 1622 ad
1108 1569 1147 1624 roi
1521 1565 1544 1620 F
1562 1567 1616 1622 11t
1636 1569 1649 1624 1
1668 1567 1696 1622 S.

761 1747 1242 1865 ntsrurnrro
1284 1745 1584 1826 unctus

1139 1918 1200 1974 nr.

547 2025 1075 2186 cannaruro
1142 2063 1790 2204 nisouooronuo

931 2279 974 2369 D.
994 2279 1026 2364 3¹.
1043 2280 1158 2347 Aratu.
1178 2279 1240 2346 dn.
1257 2301 1420 2345 nncnxnx.

1010 2455 1346 2500 UMONMNH'

805 2592 1216 2662 cnnlst'tntto
1254 2591 1537 2663 Pantsto

1034 2766 1178 2825 uotn.
1210 2769 1318 2824 ΡΟΜ.

926 2983 1424 3025 ...η-ψ·-

392 3111 433 3182 in
451 3117 583 3188 nominc
598 3115 737 3188 Domini
752 3115 773 3188 J
778 3115 866 3186 Est]
882 3113 1086 3198 CHRISTI,
1101 3113 1264 3184 adomnia
1281 3113 1414 3182 consilia
1430 3137 1611 3210 omnesque
1625 3130 1715 3184 actus
1731 3113 1963 3206 progredimur

802 3209 827 3276 l.
855 3233 886 3276 a.
904 3209 946 3278 C.
963 3207 1088 3301 de'Off.
1108 3205 1234 3298 Proef.
1252 3207 1416 3274 Praetor.
1436 3205 1553 3300 Afric.

971 3385 1388 3476 rnaneannn

395 3505 636 3684 Omincsam
654 3641 766 3686 rerum
780 3617 1003 3684 humanarum
1020 3613 1246 3683 inonstantianr
1263 3612 1353 3681 limis
1368 3627 1494 3681 tantum
1513 3617 1576 3709 qui
1598 3617 1762 3706 aspexerit
1777 3613 1900 3696 oculis,
1917 3626 1967 3680 ta-

395 3705 506 3773 dorum
529 3729 596 3772 non
619 3707 724 3776 solum
749 3706 852 3799 jactui
875 3718 998 3772 temere
1020 3705 1227 3786 cadentium,
1251 3704 1307 3772 scd
1330 3719 1363 3770 et
1386 3705 1449 3796 ipsi
1474 3706 1701 3799 Euripo,sub
1725 3718 1884 3797 perpetuo
1899 3705 1967 3772 sere

393 3808 489 3864 motu
555 3797 650 3880 itato,
665 3798 795 3866 easdem
817 3794 1075 3887 deprehenderit
1098 3795 1293 3864 simillimas.
1309 3795 1418 3862 Taceo
1435 3797 1521 3892 leges
1544 3809 1669 3864 nostras
1684 3796 1804 3864 iisdem
1818 3794 1885 3861 sere
1901 3795 1967 3860 im-

394 3820 697 3956 mensiangssuctibus
717 3890 896 3980 expositas,
919 3885 984 3954 sub
1006 3885 1118 3956 debita
1141 3886 1338 3956 necessitatis
1362 3885 1432 3977 iege
1455 3887 1638 3954 conditioni
1662 3886 1779 3954 boram
1802 3908 1869 3954 esse
1886 3885 1967 3951 insi·

396 3973 559 4044 nnandaa.
573 3976 693 4046 Mirum
705 4001 795 4045 emer
817 3977 944 4047 entium
962 3977 1151 4045 varietatem
1169 4001 1342 4050 causarum
1360 3977 1395 4042 in
1412 3978 1544 4066 speculo
1559 3977 1612 4046 hic
1626 3978 1724 4069 quasi
1740 3988 1867 4047 contem
1895 3975 1967 4042 ian-

396 4064 472 4132 dom
481 4115 492 4145 ,
507 4068 656 4136 externis
670 4067 747 4136 iicet
761 4002 863 4136 labris
885 4066 1071 4160 degustasse
1086 4067 1235 4137 sufficiat.
1252 4065 1348 4134 Nulla
1364 4067 1509 4150 etenim,
1525 4069 1595 4158 (uti
1612 4069 1726 4162 inquit
1743 4067 1843 4159 Papo
1858 3999 1968 4134 dan-

396 4179 456 4222 nes
472 4153 608 4225 XXII.
632 4159 669 4224 in
683 4158 821 4250 praeiet.
835 4156 1164 4248 Clementia.)Juris
1174 4157 1323 4241 Sanctio,
1339 4173 1652 4252 quantumcumque
1669 4181 1829 4250 perpenso
1841 4157 1966 4248 digesta

396 4246 552 4331 consitio,
566 4247 610 4313 ad
626 4248 790 4316 humanae
805 4262 944 4316 naturae
961 4248 1151 4318 varietatem
1166 4261 1198 4316 et
1215 4247 1475 4318 machinationes
1489 4251 1636 4341 ejusdem
1661 4248 1881 4338 inopinabiles
1897 4247 1967 4314 sui·

397 4335 482 4419 licit,
496 4359 557 4405 uec
579 4336 620 4405 ad
642 4337 839 4406 decisionem
863 4337 1006 4406 lucidam
1022 4361 1099 4407 suae
1115 4337 1254 4408 nodosae
1268 4337 1499 4432 ambiguitatis
1520 4341 1676 4434 attingit,
1693 4363 1732 4406 eo
1756 4338 1966 4429 praesertim,

395 4425 490 4517 quod
513 4428 569 4494 vix
589 4428 724 4520 aliquid
745 4427 829 4497 adeo
850 4440 977 4496 certum
999 4429 1196 4523 clarumque
1217 4431 1392 4512 statuitur,
1407 4430 1492 4520 quin
1507 4457 1550 4500 ex
1572 4433 1679 4500 causis
1700 4428 1966 4520 emergentibus,

394 4515 525 4606 quibus
540 4521 612 4613 jura
630 4522 695 4611 jam
712 4520 816 4612 posito
841 4518 965 4586 mederi
989 4542 1057 4585 non
1081 4535 1233 4612 possum,
1250 4519 1446 4588 indubium
1469 4535 1650 4591 msocatur.
1667 4520 1713 4588 Et
1735 4521 1812 4613 quis
1827 4542 1965 4611 quaeso,

394 4603 489 4674 hosce
503 4619 537 4675 et
551 4609 632 4677 alias
654 4609 918 4716 quamplurimas
933 4609 968 4675 in
985 4612 1107 4679 scrinio
1120 4615 1204 4706 juris
1228 4612 1384 4702 repositas
1399 4612 1511 4700 degum
1527 4626 1713 4680 nostrarum
1729 4608 1888 4690 medelas,
1906 4633 1966 4700 pro
2025 4623 2029 4640 ⁴

396 4711 584 4790 temporum
599 4699 908 4854 moribus‚g›roque
929 4701 1104 4787 vitiorum,
1126 4703 1253 4795 quibus
1273 4701 1472 4768 medendum
1496 4721 1559 4786 est,
1585 4702 1769 4771 fervoribus
1794 4697 1968 4767 flectendas

396 4809 480 4870 esse,
506 4789 612 4879 praeci
640 4789 678 4856 iti
703 4791 740 4855 in
788 4789 907 4856 obium
929 4792 1091 4858 vocaverit
1113 4790 1272 4861 audacio?
1328 4793 1382 4860 uis
1404 4791 1542 4884 inquam
1567 4795 1693 4860 sontico
1722 4790 1821 4859 alicui
1846 4812 1967 4874 naevo,

392 4811 711 4966 'acerbissimoiicen
724 4878 768 4946 ob
783 4901 852 4945 non
867 4876 1003 4972 exiguas
1018 4905 1100 4973 quas
1114 4887 1179 4976 jam
1197 4884 1276 4950 dum
1293 4883 1328 4948 in
1346 4905 1480 4988 corpore
1494 4885 1599 4976 egerit
1614 4884 1754 4968 radices,
1764 4905 1839 4950 cum
1854 4879 1967 4948 dolore

397 4965 611 5059 extirpando,
635 4981 806 5052 naturam,
821 4991 894 5036 eam
918 4967 1015 5036 modo
1029 4972 1058 5040 si
1082 4973 1234 5040 intendat
1249 4996 1377 5040 serrare
1400 4991 1641 5066 ancorruptam,
1656 4973 1755 5040 altius
1772 4965 1967 5064 penetrandi

397 5057 466 5126 imo
481 5055 662 5126 acervandi
678 5083 832 5153 unquam
853 5059 1045 5129 concesserit
1069 5061 1259 5132 licentiam?
1273 5063 1375 5131 Nemo
1390 5087 1476 5130 sane.
1492 5063 1587 5132 Sicut
1603 5065 1706 5158 igitur
1721 5062 1891 5142 nauclero,
1908 5081 1968 5125 na·

396 5172 472 5216 rem
487 5145 679 5217 decumanis
694 5149 771 5226 licet
786 5149 941 5222 ductibus
963 5150 1116 5242 agitatam
1132 5152 1298 5249 dirigendi
1324 5155 1538 5245 peritissimo,
1558 5156 1593 5224 in
1610 5153 1882 5248 profundissimas
1898 5151 1967 5236 uti,

398 5239 443 5305 ita
458 5237 681 5308 acerbissimas
690 5293 701 5325 ,
717 5242 783 5312 nisi
842 5241 938 5311 riculi
955 5265 1021 5309 sese
1035 5241 1208 5312 detrudere
1231 5263 1334 5326 amet,
1350 5271 1364 5311 s
1389 5257 1454 5312 rtes
1463 5297 1474 5330 ,
1491 5269 1586 5338 saepe
1608 5243 1766 5314 mutanda
1781 5243 1847 5310 crit
1863 5240 1969 5310 velifi-

398 5330 498 5418 catio,
512 5341 695 5425 utcumque
717 5335 755 5404 in
778 5347 845 5404 ato
869 5351 987 5406 tentus
1009 5349 1071 5402 est:
1087 5332 1183 5406 Sicut
1205 5335 1285 5410 item
1308 5271 1460 5424 diedicis,
1475 5336 1613 5406 mnandi
1636 5335 1765 5416 sertore
1788 5333 1966 5427 instigatis,
