4420 6314
479 477 545 550 solip
957 476 1151 538 lllSl’ll‘l'bT.
1167 477 1269 536 fflll.
1287 476 1362 536 ΕΗ.
1385 479 1433 534 IV·
1848 479 1913 532 sotii

405 577 567 636 troduoenda
594 585 623 632 ct
644 575 827 651 proecquenda
858 577 1037 650 appellatione
1064 575 1167 632 attendi
1219 577 1374 632 ductionem
1391 593 1452 630 seso
1469 573 1747 648 jocor-ppetuatoots
1766 573 1859 647 eylues
1876 575 1993 630 sottus

372 649 382 670 ‘
404 665 491 720 debet.
510 665 558 720 Sic
577 663 608 717 iu
625 661 759 733 aliqnilnss
785 661 896 732 judiciis
915 663 980 732 styli
999 670 1054 722 est,
1074 670 1105 716 nt
1122 678 1169 732 ap·
1219 662 1348 732 sequitur·
1369 662 1456 716 Scacc.
1476 662 1538 714 diet.
1556 661 1609 715 inc.
1628 679 1656 716 ιι.
1674 661 1846 716 innocen
1864 664 1994 732 exstyb

401 747 514 822 peliatio
537 764 626 802 coram
652 749 758 801 notario
784 757 812 800 et
834 746 947 800 testibus
966 747 1167 816 interponor,
1219 747 1358 802 inies-ioris
1376 746 1472 818 tanton
1491 757 1627 819 receptam
1637 745 1892 818 stemppettnioata
1908 747 1995 800 sobes-

403 834 528 907 Carpaos.
546 843 620 905 pert.
641 841 664 885 t.
685 829 801 886 comita.
821 841 864 885 22.
881 829 965 904 defin.
987 841 1010 883 t.
1028 848 1058 884 ιι.
1078 841 1102 884 c.
1121 828 1166 885 si·
1219 833 1295 886 dulae
1312 829 1741 900 insererecaescsgmranlauaa,
1755 827 1925 901 temperiei
1938 847 1993 882 ιι·

402 919 537 990 gismund.
563 920 651 972 Scece.
677 915 712 972 da
729 915 868 988 Appellat·
894 935 939 987 qu.
960 926 985 968 o·
1003 933 1031 968 n.
1052 925 1095 968 22.
1114 913 1167 984 Qui
1218 929 1271 972 sem
1290 915 1391 986 indicio
1408 915 1438 970 id
1455 933 1510 972 nou
1527 913 1690 986 requiretur,
1705 912 1995 985 indexanperiursaun

403 1005 486 1072 stylus
504 1003 586 1056 etiam
604 1001 634 1054 in
653 1000 811 1053 Pomerania
829 997 993 1063 attenditur;
1013 997 1059 1052 sed
1076 1015 1092 1052 e
1108 1013 1168 1052 con
1218 1012 1306 1074 potest
1320 1001 1447 1057 inferiori
1465 1001 1611 1066 mandare,
1629 1010 1661 1054 nt
1679 1000 1760 1053 talem
1778 997 1993 1070 appellati-nu

404 1089 486 1142 trerio
511 1089 541 1140 in
564 1083 687 1140 diarchia
705 1101 760 1138 nou
782 1083 954 1148 obsecratur,
971 1089 1039 1136 teate
1055 1079 1191 1152 unguii„
1219 1095 1310 1141 ωῃιι.
1328 1088 1422 1157 ,sylon
1440 1103 1517 1140 „m
1533 1085 1665 1140 euntem.
1683 1082 1738 1136 eid.
1756 1085 1810 1136 nn.
1827 1083 1898 1138 nea.
1912 1089 1993 1152 μή.

404 1171 459 1225 Dn.
481 1172 582 1226 lirnuu.
602 1171 753 1226 comment.
772 1167 880 1222 neoto.
895 1167 938 1221 vud
953 1167 985 1222 l.
1003 1167 1074 1222 Cum
1090 1165 1169 1238 quid·
1223 1183 1247 1224 e.
1265 1169 1349 1224 Deoia
1369 1181 1430 1224 tac.
1448 1169 1519 1224 Illud
1536 1185 1599 1226 aero
1616 1183 1723 1240 semper
1741 1167 1938 1232 moion,
1957 1173 1994 1217 ast

405 1273 474 1310 nana
494 1269 518 1308 2.
536 1275 564 1309 ιι.
586 1265 610 1307 2.
618 1252 660 1324 ff
679 1254 713 1307 de
731 1253 857 1324 appellnt.
877 1251 947 1321 Ergo
964 1250 1035 1321 quod
1055 1250 1084 1302 iu
1101 1267 1167 1320 qsso·

402 1341 444 1396 sis
463 1343 526 1408 *loeo
550 1359 600 1396 nen
623 1351 780 1412 receptum,
800 1340 829 1392 id
855 1339 948 1410 ntique
967 1338 1169 1392 observandum.

404 1425 478 1496 Quae
495 1427 585 1480 omnia
604 1434 632 1480 et
651 1425 681 1478 in
699 1424 761 1478 aliis
781 1425 885 1495 psmctia
897 1423 1032 1494 exemplis
1050 1421 1166 1476 declara·

403 1514 546 1568 relabens
566 1512 741 1584 supersedeo,
759 1528 820 1566 cusu
846 1511 937 1582 praxis
960 1511 1060 1582 ubique
1076 1510 1168 1562 eudem

403 1597 562 1670 suppeditet.
580 1597 612 1649 ld
626 1598 736 1660 saltem,
750 1597 819 1666 qnod
834 1595 903 1666 apud
921 1597 1042 1650 doctores
1059 1605 1165 1650 contro·

402 1697 507 1734 seranna
526 1682 617 1746 uideo,
634 1680 766 1748 subjicere
783 1681 870 1741 iubete
888 1697 922 1734 an
947 1679 1029 1750 judex
1052 1681 1168 1751 appella·

402 1765 487 1818 tionis
503 1775 625 1820 tenemur
646 1764 765 1833 judicare
791 1765 936 1818 secundun
962 1766 1062 1834 stylum
1080 1765 1167 1816 curiae

403 1849 560 1905 inferioris?
578 1851 652 1921 prius
670 1849 843 1902 asserendum
862 1849 1018 1915 videbatur,
1035 1865 1097 1901 cuns
1116 1859 1168 1916 stp-

403 1933 445 1987 lsss
464 1935 575 2002 alicuine
595 1935 682 1988 curiae
699 1951 754 1987 non
773 1934 839 2004 liget
856 1933 1030 2003 generaliter,
1050 1929 1096 1984 sed
1114 1933 1167 1984 sal·

401 2025 459 2070 'tem
480 2019 508 2072 in
528 2019 575 2071 ilia
588 2020 673 2084 curia,
695 2019 723 2070 iu
741 2035 792 2090 qna
812 2019 891 2085 riget.
910 2016 1014 2070 ttetoti.
1032 2015 1094 2070 dict.
1114 2024 1167 2070 ort.

405 2111 430 2153 2.
456 2103 548 2157 Glors.
569 2113 609 2155 tu.
629 2122 656 2155 ιι.
677 2115 720 2156 ce.
737 2119 787 2156 nec
805 2101 839 2154 de
857 2101 912 2154 loco
925 2100 957 2151 ad
970 2101 1057 2152 tecum
1075 2107 1168 2152 uten-

404 2183 498 2252 datur,
517 2186 629 2239 Flamin.
652 2183 737 2237 Paria.
763 2183 796 2238 de
812 2181 955 2254 liesignot·
974 2180 1084 2253 benefic.
1105 2183 1122 2234 i·
1142 2192 1166 2232 a.

405 2285 448 2338 qu.
470 2279 513 2320 tt.
531 2287 561 2322 ιι.
582 2280 625 2322 ts.
642 2267 714 2321 Hinc
734 2284 783 2321 nee
802 2268 885 2335 atylua
913 2265 1053 2320 inies-ioris
1071 2265 1166 2332 judicii

403 2351 437 2402 ud
457 2351 580 2422 superius
602 2351 672 2405 trahi
690 2349 782 2417 debet,
793 2369 854 2406 oum
872 2350 939 2404 illud
959 2351 1048 2422 potius
1064 2350 1099 2404 ab
1117 2351 1167 2402 huc

404 2432 568 2505 dependeat,
586 2434 615 2487 iu
635 2435 799 2488 contrarium
821 2451 880 2489 sero
899 2434 980 2501 iacit,
998 2433 1069 2504 quod
1087 2433 1167 2502 iudea

403 2517 591 2588 appellationis
614 2525 734 2570 tcnmtur
751 2518 872 2585 iudicare
896 2517 1040 2571 secundnm
1067 2525 1166 2580 statuta

400 2611 429 2655 et
446 2600 665 2656 consuetudinem
689 2601 787 2669 iudicii
806 2622 820 2654 a
839 2621 906 2675 quo,
924 2603 962 2656 nti
988 2601 1096 2656 deducit
1115 2602 1166 2654 lie·

403 2682 468 2736 bod.
484 2685 546 2738 dict.
565 2696 617 2738 art.
637 2693 661 2739 2.
688 2687 777 2740 Glosr.
798 2699 839 2740 22.
859 2687 950 2740 Placet
968 2687 1103 2742 distinctio
1115 2687 1165 2740 lie·

401 2767 466 2820 busli.
484 2786 563 2839 qnam
582 2768 662 2824 babet
672 2771 795 2840 sequenti
808 2772 900 2840 glossa
915 2783 957 2824 aa.
970 2769 1040 2840 quod
1053 2769 1082 2822 in
1095 2768 1166 2834 illis,

401 2869 469 2920 quoe
494 2851 602 2905 modam
628 2855 790 2924 procedendi
815 2865 991 2916 concernunt.
1007 2851 1166 2910 cousuetudo

399 2937 477 2990 illius
500 2937 596 3005 judicii
614 2938 779 2992 obseruanda
798 2941 849 3004 sit,
875 2939 922 2992 nbi
952 2937 1081 3008 litigatur.
1100 2935 1164 2990 Bar·

405 3023 471 3075 tbol.
490 3023 619 3078 Beataeol.
638 3026 747 3080 Cinnas.
766 3036 789 3078 2.
814 3027 904 3080 Gloes·
924 3035 1004 3078 amn.
1028 3035 1050 3076 t.
1067 3023 1097 3076 ιἰι
1105 3019 1164 3092 fin.

402 3107 433 3160 ln
455 3108 595 3162 derisoriis
614 3125 675 3161 sero
699 3109 861 3162 attendenda
879 3107 1040 3164 consuetudo
1058 3107 1166 3176 litigan-

399 3191 467 3247 uum
486 3193 526 3246 tel
545 3193 643 3259 iudicis
663 3193 816 3259 inferioris,
835 3195 881 3249 ubi
908 3197 1027 3267 primurn
1048 3193 1083 3246 lis
1107 3191 1164 3262 agi-

400 3283 462 3328 teta.
483 3273 559 3328 cont.
577 3273 719 3331 Ererbard.
747 3278 840 3347 Topic.
860 3281 954 3348 dagal.
974 3281 1041 3334 leo.
1065 3290 1124 3333 tot.
1136 3296 1163 3332 n.

405 3369 427 3408 t.
446 3359 475 3411 in
484 3357 542 3428 fin.
557 3359 660 3412 Eodem
681 3360 780 3414 recidit
796 3362 952 3426 distinctio,
971 3381 1050 3436 quaen
1067 3380 1163 3435 propo-

400 3441 445 3495 nit
462 3443 553 3496 lodoc.
573 3444 753 3497 llsmhonder.
769 3464 851 3514 praec.
873 3448 956 3502 Civil.
974 3467 997 3502 c.
1012 3460 1070 3504 teo·
1091 3467 1117 3502 ιι.
1138 3460 1163 3502 2.

399 3527 470 3597 quod
497 3527 689 3594 instructiones
714 3547 885 3599 processuum
904 3533 939 3587 sal
963 3535 1111 3605 principale
1129 3529 1161 3586 fl-

402 3612 512 3666 uisntur
540 3623 567 3669 22
591 3613 745 3682 judicentur
768 3618 912 3672 sectandum
938 3621 1034 3688 stylum
1058 3617 1163 3682 ourine,

401 3696 472 3751 uude
484 3707 613 3752 venerunt
632 3708 659 3752 et
678 3711 872 3768 processerunt.
893 3702 1085 3757 lustructioues
1103 3721 1164 3756 sero

397 3797 569 3850 processuum
582 3783 817 3854 appellationisvel
826 3785 1023 3842 reiormationis
1035 3785 1103 3842 liunt
1113 3805 1162 3859 per

398 3865 530 3932 justicena,
550 3867 583 3920 ad
601 3883 680 3934 quem
700 3867 863 3939 appellatur,
884 3881 911 3924 et
929 3871 1073 3926 secundum
1092 3875 1162 3944 ejua·

399 3952 461 4004 dem
481 3950 569 4004 curiae
589 3953 695 4020 stylum.

434 4039 534 4088 Verum
554 4051 614 4088 cum
632 4036 746 4107 praeisti
765 4039 887 4094 doctores
906 4041 1004 4111 stylum
1022 4041 1102 4111 paulo
1120 4041 1159 4096 ia·

399 4118 452 4178 tius
471 4121 578 4190 cupiant
588 4131 616 4174 et
628 4121 709 4174 etiam
723 4123 756 4177 ad
770 4123 900 4178 decisoria
919 4125 1080 4191 extendant,
1092 4125 1161 4196 qnod

396 4213 484 4258 tumea
509 4204 635 4269 dubium,
661 4206 702 4258 uti
729 4223 761 4260 ex
792 4208 1014 4280 subsequentibus
1044 4209 1161 4282 patebit,

394 4297 534 4358 propterea
553 4288 719 4342 commodius
741 4290 851 4364 huucin
866 4293 974 4348 modum
994 4295 1162 4366 distinguere

1220 1253 1321 1324 judicet
1337 1255 1419 1324 judex
1436 1252 1581 1309 meandum
1599 1253 1697 1324 anton
1715 1253 1805 1306 curiae
1830 1249 1993 1312 inimierise

1219 1337 1324 1408 quotics
1343 1338 1448 1392 scilicet
1460 1335 1593 1392 contestis
1604 1335 1711 1407 primae
1722 1330 1868 1388 instantiae
1876 1333 1908 1386 in
1918 1333 1992 1402 tyle

1221 1433 1326 1492 recepto
1344 1439 1372 1476 se
1390 1421 1501 1488 lnadat,
1519 1431 1545 1476 et
1567 1421 1602 1474 ab
1627 1437 1656 1474 ea
1679 1419 1992 1490 appellocommunia

1221 1525 1275 1562 non
1294 1507 1383 1580 possit
1400 1509 1481 1562 aliter
1491 1507 1622 1576 judicare,
1632 1505 1688 1559 nisi
1698 1503 1874 1575 approbando
1890 1503 1994 1574 styl-

1221 1591 1314 1655 itiuna,
1333 1610 1415 1662 quem
1432 1601 1539 1646 secutus
1558 1593 1587 1646 in
1612 1589 1816 1662 pronunciando
1834 1599 1889 1644 erat
1905 1588 1994 1658 judea

1221 1675 1349 1742 inierion
1363 1689 1390 1732 et
1408 1679 1458 1732 hoc
1479 1677 1601 1748 sequenti
1618 1675 1740 1748 example
1757 1673 1894 1728 musannde
1910 1681 1994 1742 pose·

1220 1763 1259 1816 rit
1277 1763 1426 1818 declarari:
1445 1763 1535 1832 stylus
1554 1761 1583 1814 in
1602 1759 1704 1830 judicio
1723 1758 1849 1814 totectort
1866 1769 1993 1828 receptes

1220 1859 1273 1913 est,
1294 1849 1482 1919 exceptionem
1500 1847 1666 1902 excussionis
1684 1863 1729 1900 sen
1746 1845 1853 1899 ordinis
1871 1861 1924 1897 non
1943 1843 1994 1900 asi·

1221 1933 1307 1997 mitti,
1325 1933 1379 1986 nisi
1399 1929 1516 2004 praeciae
1534 1941 1598 1985 anta
1616 1931 1694 1984 litem
1713 1939 1884 1984 contentam
1902 1945 1990 1999 oppo-

1219 2026 1314 2083 netur,
1327 2033 1386 2070 cum
1407 2027 1495 2070 tamen
1506 2015 1536 2070 iu
1547 2015 1649 2084 iudicio
1662 2014 1793 2088 euper’mri
1812 2023 1874 2068 ante
1890 2023 1994 2084 etpost

1220 2101 1279 2155 litis
1299 2103 1520 2156 contestationem
1540 2101 1704 2156 admittetur.
1724 2097 1881 2167 Fideiussor
1897 2098 1990 2168 itaque

1219 2195 1377 2250 conuentus,
1391 2186 1491 2241 emisse
1510 2187 1557 2238 illa
1566 2183 1724 2256 exceptione
1736 2183 1864 2254 inprims
1883 2183 1992 2237 instan-

1219 2267 1256 2320 tia
1269 2268 1345 2322 litem
1364 2279 1543 2334 contestatur,
1556 2279 1648 2342 postea
1659 2267 1706 2324 nbi
1719 2267 1833 2339 opponit
1853 2269 1993 2340 exceptio-

1221 2367 1298 2416 nem,
1312 2353 1358 2406 illu
1379 2354 1501 2424 rejicitur
1519 2354 1597 2412 etad
1614 2355 1771 2410 mirandum
1788 2353 1991 2410 condemnetur:

1217 2433 1367 2504 Fideiussor
1390 2440 1517 2510 appellata
1536 2439 1619 2508 index
1643 2438 1829 2512 appelletlonis
1851 2439 1877 2492 ai
1901 2436 1990 2491 reler-

1219 2529 1305 2573 maret
1323 2521 1501 2586 senwotiam,
1520 2521 1590 2576 male
1608 2530 1712 2592 egeret,
1729 2537 1790 2576 cuns
1806 2539 1863 2574 non
1880 2521 1991 2592 inique,

1218 2603 1264 2656 sed
1283 2621 1316 2658 eu
1334 2605 1405 2677 stylo
1422 2617 1531 2678 recepto
1549 2605 1765 2678 pronunciaverit
1777 2605 1899 2660 iaierior.
1917 2603 1989 2659 Cou-
2023 2616 2050 2660 22

1217 2685 1349 2742 firmanda
1366 2691 1457 2762 itaque
1473 2692 1526 2746 erit
1543 2690 1678 2746 sententia
1691 2705 1725 2745 er
1736 2690 1787 2744 buc
1804 2689 1989 2764 capite,quod

1217 2771 1245 2824 in
1263 2772 1365 2840 judicio
1380 2773 1504 2830 interiori
1516 2775 1562 2830 bic
1578 2776 1662 2848 styla
1679 2785 1820 2848 receptus,
1833 2792 1894 2848 ergo
1912 2793 1989 2831 enas·

1217 2855 1277 2910 dem
1289 2857 1424 2914 debuisset
1441 2861 1581 2914 observare
1604 2863 1754 2933 appellans,
1772 2863 1897 2933 legitime
1916 2871 1986 2916 tena-

1216 2959 1280 3013 pore
1302 2944 1463 3016 opponendo
1486 2946 1655 3000 excussionis
1682 2948 1875 3018 exceptionem.
1902 2945 1987 3000 ltinel

1216 3028 1369 3098 exemplum
1387 3031 1530 3096 juramenti
1547 3031 1694 3086 calumniae
1707 3029 1849 3100 injudicio
1869 3031 1985 3086 inienio·

1218 3111 1241 3164 ri
1266 3111 1372 3167 diuerso
1396 3115 1476 3168 modo
1500 3103 1601 3181 delato,
1620 3131 1652 3168 ao
1672 3115 1704 3170 in
1724 3115 1857 3187 superiori
1881 3115 1985 3186 judicio

1216 3195 1298 3250 moria
1316 3207 1370 3261 est,
1388 3197 1467 3252 babet
1483 3199 1617 3256 noctu.
1634 3217 1664 3272 p.
1688 3213 1713 3257 a.
1730 3198 1813 3254 (lucin
1843 3211 1902 3254 222.
1929 3200 1987 3255 Ubi

1215 3283 1421 3352 appellationem
1446 3286 1587 3352 rejectam,
1616 3293 1644 3341 et
1671 3287 1808 3342 decretum
1837 3285 1981 3342 inierioria

1216 3371 1317 3438 judicis
1333 3367 1520 3427 confirmatam
1537 3389 1597 3428 osae
1617 3373 1707 3429 mdiu

1252 3455 1330 3525 Quod
1348 3457 1372 3511 si
1385 3475 1400 3509 a
1412 3457 1544 3512 sententia
1563 3458 1724 3530 appellatum
1738 3467 1795 3512 nota
1813 3456 1866 3524 sit,
1880 3455 1984 3510 sedilia
2021 3467 2045 3509 ts

1217 3540 1246 3592 iu
1270 3559 1328 3594 rem
1352 3541 1494 3611 judicatam
1518 3543 1674 3609 transierit,
1708 3541 1861 3598 executioni
1891 3540 1985 3596 eadem

1216 3625 1373 3680 mandanda.
1389 3627 1444 3682 Ubi
1469 3629 1568 3682 iterum
1592 3630 1677 3698 stylus
1703 3628 1791 3681 curiae
1810 3625 1986 3681 attendendus

1214 3709 1300 3776 uenit,
1313 3721 1367 3763 tam
1387 3711 1416 3764 in
1435 3710 1493 3783 ipse
1510 3715 1680 3779 executione,
1697 3729 1776 3784 quam
1795 3712 1825 3764 in
1844 3709 1982 3765 subhasta-

1214 3795 1286 3851 tione
1302 3807 1331 3853 et
1348 3797 1501 3854 licitatione.
1520 3800 1642 3854 Ludosio·
1656 3799 1761 3854 Postias
1779 3798 1812 3852 de
1828 3797 1981 3854 sullanae.

1213 3880 1322 3954 inapecs.
1344 3893 1386 3936 22.
1403 3903 1433 3938 n.
1455 3897 1478 3939 s.
1499 3884 1529 3938 Si
1548 3885 1622 3938 euim
1642 3886 1671 3955 in
1691 3882 1847 3938 escendune
1861 3897 1982 3936 amase-

1214 3965 1267 4030 rit,
1285 3967 1351 4034 iusta
1376 3967 1526 4040 appellendl
1548 3983 1624 4022 cansa
1652 3966 1933 4034 decutiuntur.
1955 3981 1980 4021 s.

1215 4049 1305 4104 Decir.
1321 4059 1380 4107 sot.
1393 4069 1551 4123 mamquam
1563 4053 1702 4107 ordinario
1719 4050 1907 4122 appellationis
1919 4067 1979 4123 pro-

1216 4151 1291 4188 cessu
1307 4151 1449 4189 necesusm
1467 4137 1590 4203 nonsit,
1608 4135 1656 4190 sed
1680 4153 1730 4207 per
1747 4133 1917 4200 mandatam,
1937 4150 1978 4188 ve-

1214 4219 1264 4271 luti
1283 4219 1313 4272 in
1331 4237 1360 4274 re
1379 4221 1490 4285 illicita,
1502 4219 1654 4276 emendatio
1670 4217 1733 4274 fieri
1752 4220 1978 4292 potest.1tu.ble-

1214 4305 1271 4358 siue
1290 4305 1354 4358 dict·
1371 4305 1422 4359 loc·
1443 4303 1497 4358 Sed
1514 4305 1560 4359 laic
1576 4307 1677 4358 iterum
1695 4304 1822 4370 dubium,
1833 4322 1869 4360 au
1886 4321 1976 4358 smnu-
2014 4315 2042 4355 22

396 4370 496 4426 licebit.
512 4373 637 4428 Diversae
647 4374 815 4444 quaestiones
833 4389 908 4443 sunt;
923 4395 957 4433 an
970 4380 1050 4448 judea
1067 4382 1162 4450 appel·
1215 4389 1277 4442 dnm
1295 4390 1390 4459 stylum
1411 4387 1514 4444 indicia
1537 4391 1703 4462 nequeatis,
1720 4407 1756 4444 an
1777 4391 1868 4454 illins,
1886 4407 1974 4444 coram

394 4455 500 4518 tutionis
512 4457 656 4512 secundum
667 4461 767 4528 stylum
781 4462 870 4514 curiae
883 4461 1022 4517 inferioris
1034 4465 1160 4532 judicare,
1212 4489 1264 4542 spuo
1280 4473 1375 4525 ultima
1394 4473 1528 4528 smtentia
1552 4475 1618 4538 lata,
1637 4471 1700 4528 fleri
1722 4473 1814 4530 debeat
1833 4473 1972 4532 eseontiui

395 4555 429 4590 an
448 4540 592 4598 secundum
618 4543 695 4598 illum
718 4543 862 4615 procedere
887 4545 998 4600 debeat?
1017 4547 1075 4602 lion
1093 4566 1161 4602 nun·
1213 4564 1240 4608 ee
1258 4555 1335 4625 prior
1353 4557 1524 4612 asserendum
1543 4569 1681 4630 putenm„
1700 4561 1791 4614 omnia
1809 4563 1975 4633 enim,qoae

398 4640 476 4690 quam
498 4622 577 4691 facit,
598 4645 658 4681 curn
683 4645 820 4699 processus
838 4632 1025 4702 appellationis
1044 4653 1075 4688 eo
1092 4635 1162 4704 stylo
1214 4640 1359 4710 respiciunt
1371 4642 1412 4694 rel
1428 4641 1550 4697 ordinem
1567 4625 1706 4716 procem
1723 4648 1765 4702 vel
1781 4647 1973 4702 ordineneae·

395 4711 433 4764 sit
452 4714 661 4782 prosequendus,
680 4715 727 4785 qai
745 4716 775 4771 in
792 4717 895 4786 judicio
912 4721 1099 4791 appellationis
1116 4739 1161 4776 re·
1213 4723 1328 4778 cationis
1353 4725 1498 4780 aecmdnua
1523 4728 1622 4797 stylum
1645 4730 1722 4784 illius
1744 4731 1859 4800 judicis,
1884 4751 1972 4788 coram

395 4806 501 4866 ceptusc
514 4798 562 4852 sed
580 4798 676 4854 iterum
695 4801 805 4855 cnbhac
823 4802 1012 4870 distinctione,
1032 4825 1065 4860 an
1086 4825 1162 4879 qnae·
1213 4827 1264 4878 quo
1281 4809 1380 4880 agitas,
1400 4811 1440 4864 sel
1458 4815 1579 4870 enecatio
1595 4815 1890 4891 petitar,expadienda
1909 4821 1972 4874 tud„

395 4891 469 4934 ratur
487 4882 522 4936 de
538 4884 715 4956 appellatione
732 4883 763 4936 in
778 4895 860 4953 statu,
874 4906 928 4958 qno
941 4899 981 4944 eat
998 4901 1061 4944 ante
1078 4892 1164 4946 intro·
1215 4895 1284 4950 Post.
1305 4895 1368 4948 dict.
1386 4899 1502 4968 lmpect.
1521 4909 1565 4952 22.
1583 4917 1612 4953 ιι.
1632 4913 1675 4955 to.
1687 4913 1716 4956 er
1734 4915 1776 4958 22.
1794 4881 1914 4958 Gratian.
1932 4907 1972 4959 di·

399 4965 570 5032 ductiouem,
590 4979 617 5022 et
633 4987 687 5040 quo
704 4979 745 5022 est
763 4984 823 5041 post
838 4972 1075 5030 introductionem.
1094 4978 1163 5034 Ante
1212 4977 1442 5050 scematfirens.
1458 5001 1481 5037 c.
1502 4992 1563 5036 cto.
1581 5001 1609 5038 ιι.
1629 4995 1673 5040 22.
1690 5003 1745 5058 req.
1770 4987 1849 5042 Unde
1866 5003 1973 5044 mame·

394 5051 638 5118 introductionem,
650 5055 675 5106 si
688 5053 721 5107 de
739 5055 817 5109 modo
834 5059 988 5128 appellandi
1005 5073 1161 5130 quaeratur,
1214 5065 1335 5118 tudinem
1348 5065 1400 5118 loci
1415 5066 1581 5120 executionis
1593 5067 1791 5139 inspiciendam
1804 5087 1879 5137 esse,
1893 5073 1973 5127 etiam

395 5153 431 5188 an
449 5147 477 5190 et
494 5136 625 5208 quomodo
642 5137 810 5193 admittenda
824 5143 978 5214 appellatio,
992 5149 1075 5217 stylus
1093 5147 1162 5202 iule-
1212 5162 1284 5223 post.
1302 5149 1376 5204 Bald.
1394 5151 1423 5204 in
1442 5153 1461 5204 l.
1481 5162 1504 5204 t.
1522 5171 1566 5223 qu.
1586 5163 1611 5206 2.
1629 5158 1752 5214 contio
1760 5157 1810 5229 fil·
1828 5175 1881 5229 pro
1899 5171 1971 5229 potr.

393 5218 477 5273 rioris
494 5222 593 5290 judicii
612 5233 653 5278 eat
671 5224 864 5293 attendendos,
877 5238 952 5282 etex
970 5231 1048 5298 lanius
1065 5233 1162 5300 iudicii
1215 5235 1299 5290 tradit
1316 5233 1421 5290 liebuff.
1440 5239 1485 5292 De
1504 5239 1669 5296 Camnetnd.
1688 5253 1741 5297 ort.
1761 5254 1785 5298 2.
1819 5245 1910 5300 Gtcsr.
1929 5258 1972 5302 22.

395 5306 500 5360 sturmis
511 5307 560 5362 hcc
573 5310 760 5380 repetendam
776 5311 941 5382 Sigismund.
956 5315 1043 5370 Scacc.
1056 5317 1091 5372 ele
1104 5320 1162 5390 Ap-
1213 5339 1242 5373 ιι.
1264 5329 1287 5370 2.

394 5389 487 5458 pellat.
506 5403 579 5462 port.
601 5407 623 5448 t.
642 5417 686 5468 gu.
710 5409 749 5451 tt.
767 5417 796 5452 n.
817 5408 841 5452 2.
868 5408 966 5472 etseq.
987 5399 1051 5456 Post
1074 5403 1161 5458 intro·
1231 5405 1372 5462 Hactenus
1389 5411 1479 5485 itaque
1496 5409 1702 5488 utrimnque
1735 5428 1808 5490 pacto
1831 5419 1914 5490 stylus
1932 5437 1977 5474 cn·
2014 5433 2042 5490 a,
