4404 6274
435 549 502 616 ro55
919 543 1120 603 DiSPUTd‘l'·
1136 539 1239 604 xxm.
1259 545 1378 608 0th
1396 555 1432 609 V·
1850 561 1918 634 to'7ii

361 645 465 718 judicto
482 645 521 696 tta
540 645 710 704 observatum
733 640 826 697 misse.
846 641 883 696 Et
899 644 1008 716 quidem
1028 645 1072 698 hic
1090 661 1140 699 ne-
1193 663 1223 700 ra
1241 645 1333 713 debet,
1351 667 1429 721 quam
1449 649 1473 704 ai
1491 652 1628 710 edmeatns
1645 657 1959 734 modestequlpraem·

364 749 467 788 cessum
486 741 537 796 est,
555 743 584 787 ut
607 730 715 785 atteris
739 739 813 786 actus
837 739 937 796 sertus,
962 733 1037 802 juxta
1062 731 1139 785 illurn
1192 731 1279 786 mitur
1296 733 1366 788 seire
1385 737 1482 806 stylum
1499 739 1604 805 curiae,
1623 741 1700 796 conf.
1719 743 1818 800 Bartol.
1836 747 1899 800 dict.
1926 765 1958 801 n·

365 819 464 889 stylum
485 824 591 886 gestos,
610 813 651 867 uti
669 813 720 867 boc
736 813 767 866 ln
791 811 982 869 consuetudine
1005 813 1140 886 prolianda
1192 826 1235 868 rs.
1253 817 1327 874 iiiuc
1344 837 1399 874 sou
1416 821 1579 892 simpliciter
1594 825 1748 899 accipienda
1765 841 1805 888 est
1820 831 1958 888 sententia
2001 842 2035 888 tt

372 901 486 978 requirit
504 900 606 970 rntttp.
626 898 724 952 Decios
743 913 820 953 cons.
840 909 901 958 tor.
919 917 948 952 ιι.
963 909 1003 954 tt.
1023 911 1138 956 etoons.
1192 898 1308 956 Hamis.
1326 905 1410 958 Paris.
1430 905 1492 961 dict.
1510 908 1557 961 iii.
1576 921 1601 963 3.
1622 914 1654 982 Q.
1675 925 1699 967 s.
1717 933 1747 970 n.
1765 925 1808 972 st.
1826 918 1897 988 quod
1916 928 1960 974 et·

370 996 430 1039 sss.
451 1005 480 1040 ιι.
501 995 544 1038 ts.
564 985 643 1039 Adde
660 983 761 1038 Bartol.
779 986 807 1038 ιἰι
827 986 859 1038 L.
876 987 911 1040 de
929 983 1027 1058 quibus
1043 1001 1070 1040 ιι.
1093 997 1137 1040 rs.
1191 985 1246 1038 iam
1263 987 1478 1058 extrajudtetatea
1494 991 1701 1052 informationes
1717 999 1834 1071 probent
1846 1005 1959 1074 stylum:

360 1069 409 1145 ff.
423 1073 450 1126 d.
470 1073 527 1128 ld.
547 1073 621 1126 iiiuc
638 1072 732 1136 etiam,
750 1068 775 1124 si
793 1080 875 1125 testes
893 1069 1044 1143 deponant,
1065 1070 1136 1142 mand
1190 1069 1241 1124 boc
1260 1072 1335 1125 enirn
1353 1091 1408 1128 non
1424 1075 1463 1130 ita
1481 1076 1686 1143 intelligendum
1705 1092 1760 1149 est,
1779 1101 1809 1138 ae
1827 1085 1851 1139 ai
1869 1103 1904 1140 ea
1927 1091 1971 1141 a-⁴

368 1156 422 1228 ipsi
442 1157 481 1208 ita
499 1155 668 1208 observarint
685 1166 709 1210 et
727 1153 761 1207 ab
778 1155 840 1209 aliis
856 1156 896 1207 ita
912 1153 1048 1210 observari
1059 1154 1136 1208 ride·
1186 1153 1275 1210 otibm
1293 1155 1539 1228 estrajudicitlibus
1556 1164 1684 1235 probetur
1699 1169 1799 1238 stylus,
1818 1169 1866 1224 sed
1884 1171 1970 1242 quod·

367 1240 444 1305 rint,
466 1239 547 1310 stylus
563 1255 615 1310 per
630 1239 755 1294 idoneam
763 1239 897 1294 rationem
909 1258 925 1292 a
938 1239 1050 1294 testibus
1062 1239 1137 1292 bisce
1189 1237 1271 1306 judea
1289 1241 1372 1296 etlam
1396 1246 1617 1316 eatrajudielunt,
1635 1267 1683 1304 seu
1708 1261 1784 1306 extre
1807 1256 1958 1327 strepitum

363 1323 493 1397 probatus
512 1324 574 1378 erit.
594 1325 708 1378 Hieron.
725 1324 863 1380 marilian.
888 1321 969 1382 decis.
994 1337 1036 1380 st.
1061 1341 1090 1378 n·
1110 1333 1137 1380 t.
1185 1323 1299 1395 judicil,
1320 1341 1352 1380 se
1374 1341 1456 1402 super
1477 1329 1580 1386 aotibns
1609 1335 1783 1403 iudicialibus
1806 1337 1974 1398 tntomara‘

368 1409 454 1464 Gnid.
476 1409 569 1481 Papae.
591 1407 694 1463 Consil.
716 1417 774 1464 sat.
793 1428 820 1462 ιι.
842 1423 866 1465 s.
1187 1409 1286 1478 pmii·
1304 1419 1332 1464 el
1348 1411 1387 1466 its
1397 1415 1491 1484 stylum
1502 1416 1651 1489 inquireret
1665 1421 1730 1478 binc
1740 1423 1815 1480 addit
1822 1426 1894 1480 inibi
1906 1429 1961 1483 Ρι-

403 1497 465 1551 iam
484 1503 569 1552 restat
584 1495 721 1551 rideamus
739 1497 774 1551 de
788 1513 900 1554 nomem
912 1495 1079 1570 etqualitate
1091 1502 1132 1549 te·
1190 1492 1288 1560 nisius,
1306 1497 1385 1552 modo
1402 1500 1449 1553 illa
1467 1499 1623 1559 informatio
1640 1515 1760 1562 sumatur
1776 1526 1792 1561 a
1808 1510 1907 1581 peritis
1927 1505 1971 1568 sc'

368 1577 462 1634 stium.
487 1581 634 1634 Numerum
653 1582 763 1636 testium
780 1581 851 1653 qnod
869 1583 984 1647 attinet,
1002 1579 1134 1652 generalis
1185 1579 1216 1632 in
1233 1579 1293 1636 ioro
1308 1586 1512 1654 semotissimis,
1531 1601 1633 1645 anunm
1644 1592 1814 1662 judicialium
1826 1597 1961 1667 cognitio·

365 1663 433 1717 haec
454 1665 569 1719 tenenda
586 1667 676 1736 reputa
694 1675 755 1731 est,
768 1667 840 1737 quod
852 1667 882 1719 in
894 1665 976 1720 dnbio
988 1665 1040 1720 duo
1053 1664 1134 1718 etiam
1186 1679 1247 1719 uem
1261 1665 1431 1724 habentibus.
1446 1671 1505 1740 Quo
1517 1685 1639 1746 respectu
1649 1677 1959 1740 etiami'arinac.1bm.

366 1734 450 1802 iestes
470 1745 612 1805 sufiiciunt
629 1753 661 1806 l.
683 1748 774 1819 ¹²·ff·
792 1753 825 1805 de
847 1750 946 1804 Tertii.
963 1749 1000 1803 Et
1014 1747 1135 1821 quamvis
1187 1760 1213 1802 3.
1232 1751 1325 1806 Deris.
1345 1757 1410 1810 itot-
1429 1755 1511 1810 ilem.
1531 1769 1592 1813 stt.
1610 1759 1696 1832 dicit,
1714 1779 1741 1814 ιι.
1763 1774 1805 1817 ts.
1830 1765 1903 1838 quod
1926 1769 1971 1822 ἰιιἸ

363 1831 471 1887 setun.
491 1831 558 1889 dict.
578 1833 707 1888 Artior.
726 1833 1134 1904 Glose.s.n.ao.dteat,quot
1186 1831 1258 1898 illis,
1277 1853 1344 1906 quse
1362 1849 1527 1896 concernunt
1552 1841 1720 1899 ordinatoria
1737 1847 1851 1916 judicii,
1869 1849 1966 1922 possit'
2019 1841 2026 1856 '

366 1917 510 1973 secundum
532 1921 630 1991 stylum
652 1917 742 1972 coriae
762 1918 890 1974 Franciae
914 1917 1135 1983 consuetudines,
1184 1917 1529 1992 judeaeamjmtetatiree
1545 1943 1575 1982 se
1593 1928 1749 1984 informare.
1774 1931 1815 1984 nt
1836 1933 1892 2004 ipsi
1917 1945 1970 1990 tae

363 2003 393 2055 in
413 2003 580 2072 scripturam
593 2021 648 2058 non
661 2001 779 2058 redactae
790 2020 840 2057 nec
850 2003 1022 2076 approbatae,
1036 2003 1136 2055 soleant
1188 2018 1249 2056 men
1267 2007 1421 2073 regulariter
1431 2021 1554 2062 oretenus
1567 2011 1699 2078 deponere
1711 2013 1824 2079 alehem,
1836 2021 1974 2088 praescr:

366 2103 418 2160 per
440 2088 546 2148 turbam
567 2089 689 2160 probari,
707 2087 737 2141 id
755 2095 812 2154 est,
828 2087 984 2160 perdecem
1001 2086 1038 2138 atl'
1054 2084 1137 2138 mini·
1190 2083 1240 2136 tim
1259 2085 1284 2136 si
1301 2087 1391 2155 aliqua
1412 2089 1518 2140 modis
1535 2091 1655 2160 asspicio
1673 2094 1769 2150 mbsit.
1786 2099 1865 2155 Nulla
1882 2106 1962 2162 enim

368 2188 442 2226 mum
463 2181 563 2238 testes,
582 2191 638 2227 non
654 2183 711 2226 tres
729 2173 768 2228 rel
785 2180 908 2242 quatuor,
927 2185 985 2238 erg.
1003 2169 1035 2222 l.
1062 2177 1087 2217 ²·
1111 2158 1136 2235 S·
1187 2161 1256 2218 fides
1276 2167 1363 2222 dindn
1381 2180 1423 2224 est
1438 2170 1475 2224 iit
1493 2171 1529 2226 de
1544 2177 1627 2245 stylo,
1646 2177 1694 2248 qui
1712 2197 1760 2252 per
1773 2183 1883 2238 modum
1897 2187 1962 2243 sub-

375 2234 468 2312 i'nrba
489 2267 513 2308 t.
522 2255 565 2328 ff.
583 2257 616 2310 dc
639 2255 677 2310 Vi
691 2255 752 2310 bon.
770 2265 873 2326 raptor.
895 2255 946 2307 boc
970 2265 1059 2308 tamen
1082 2263 1136 2302 non
1187 2250 1343 2320 scriptionis
1360 2250 1443 2307 ntem
1461 2254 1496 2309 de
1512 2275 1544 2312 eo
1568 2259 1686 2328 iaciunt,
1707 2263 1756 2334 qui
1777 2267 1871 2325 modus
1892 2291 1959 2344 prn-

364 2343 498 2410 ulterius,
516 2359 595 2414 quam
614 2341 662 2396 ubi
674 2342 724 2396 lroc
737 2343 766 2394 iu
779 2341 867 2412 specie
880 2349 1031 2411 receptum,
1045 2345 1138 2390 eaten-
1187 2336 1270 2392 bandi
1288 2341 1481 2396 abominabilis
1499 2343 1642 2400 admodum
1660 2359 1699 2403 est
1716 2359 1744 2404 et
1760 2353 1957 2426 reprobandus,

364 2425 481 2479 dentium
499 2411 639 2499 putamus3
660 2427 723 2480 binc
741 2427 827 2498 potius
845 2426 875 2480 in
892 2427 982 2496 regula
999 2429 1075 2474 antea
1092 2417 1138 2470 ds·
1189 2437 1248 2475 num
1267 2419 1346 2478 iaoils
1363 2427 1533 2498 reperiantur
1543 2430 1640 2500 aliqui,
1658 2432 1755 2502 quiin
1773 2453 1827 2490 uno
1847 2441 1957 2495 eoderu-

366 2521 391 2564 ta
408 2527 560 2579 manemus,
578 2523 604 2567 at
620 2511 701 2565 etiarn
724 2515 821 2580 stylum
840 2508 930 2562 curiae
947 2523 997 2578 per
1016 2503 1081 2558 duos
1098 2515 1137 2558 tr·
1188 2523 1240 2577 que
1257 2509 1368 2565 articulo
1385 2525 1411 2568 et
1429 2531 1519 2581 cansa,
1537 2515 1571 2568 ad
1589 2515 1737 2570 faciendam
1754 2515 1835 2575 fidon
1850 2522 1882 2578 de
1899 2535 1954 2596 sty-

367 2603 420 2648 stes
443 2592 608 2651 sufficienter
634 2593 744 2666 probari
769 2593 912 2647 statuimus
935 2607 997 2644 oum
1018 2588 1137 2643 Barthol-
1188 2593 1229 2654 lo,
1248 2593 1304 2646 sibi
1320 2594 1421 2650 directo
1440 2597 1515 2652 inere
1533 2603 1679 2670 contrarii,
1703 2605 1787 2660 modo
1808 2623 1855 2680 pro
1876 2627 1929 2663 nna
1944 2627 1965 2678 ,·

369 2676 476 2732 Britan
496 2680 644 2735 deciens.
662 2678 740 2729 r'nstr.
760 2677 866 2731 Ciousr.
885 2685 910 2728 t·
935 2675 1026 2730 Gloss.
1044 2685 1087 2727 st·
1108 2689 1137 2724 n·
1188 2679 1267 2735 modo
1284 2699 1334 2754 pm
1352 2683 1436 2738 sltera
1451 2697 1529 2756 parte
1542 2689 1748 2759 subscribendo,
1758 2703 1790 2748 ut
1807 2697 1959 2754 inserviant

367 2772 391 2836 t.
408 2762 470 2816 lion
488 2772 579 2836 tannen
598 2759 726 2815 omuibus
743 2760 832 2814 statim
851 2757 965 2813 testibus
977 2753 1046 2810 fide!
1058 2757 1138 2810 tdhl·
1187 2767 1347 2836 petentibus.
1367 2768 1477 2841 August.
1494 2771 1572 2828 Rern.
1595 2775 1657 2831 Vol.
1678 2790 1703 2832 s·
1722 2781 1805 2834 Cous.
1824 2792 1866 2838 to·
1880 2801 1908 2837 ιι.
1929 2795 1957 2837 t.

366 2845 466 2913 brada,
485 2847 532 2900 sed
551 2845 598 2900 iric
615 2862 721 2916 quoque
740 2845 872 2898 delectum
890 2843 1000 2898 habebit
1014 2842 1095 2913 judex
1104 2840 1137 2893 ad
1223 2855 1356 2910 nutem„
1374 2855 1472 2929 mque,
1497 2861 1629 2931 quomod,
1651 2881 1699 2936 ΡΘ,
1724 2875 1805 2922 m,
1830 2870 1960 2942 wopau„

366 2931 473 2985 ductum
493 2931 643 2984 callistrati
665 2929 728 2985 iGti
746 2929 776 2982 lu
795 2931 828 2983 B·
851 2930 972 2982 Tettium
991 2940 1016 2982 ⁸·
1035 2933 1056 2992 i·
1070 2927 1140 3000 ¹·ff·
1189 2939 1288 3012 stylus,
1306 2943 1397 3014 paucis
1416 2959 1464 3016 pro
1482 2945 1584 3000 ratione
1600 2947 1720 3005 instituti
1731 2953 1820 3006 nostri
1830 2955 1960 3012 vidimus.

344 3033 346 3040 ·
369 3015 403 3070 de
426 3015 525 3070 Tertii·
545 3019 614 3070 inte
638 3014 731 3070 omnia
753 3019 815 3068 sero
838 3023 919 3068 testes
940 3013 1062 3068 admittet
1086 3011 1138 3065 td·
1189 3026 1242 3078 Ρη
1261 3026 1426 3097 ,cripturam
1451 3045 1515 3082 κω
1534 3031 1577 3086 701
1598 3030 1777 3089 {mammem
1801 3039 1960 3109 repurgate,

367 3109 485 3166 rocetos,
514 3102 702 3154 Procuratores
725 3110 753 3154 et
773 3098 911 3165 liotarios,
932 3098 981 3168 qui
1006 3097 1060 3169 ipsi
1077 3113 1137 3150 cum
1189 3109 1302 3180 probari
1320 3111 1427 3182 nequit,
1445 3131 1506 3167 curn
1523 3124 1551 3169 et
1561 3114 1647 3185 ¹stylus
1659 3116 1695 3170 sit
1709 3119 1750 3186 jus
1764 3135 1797 3174 ex
1816 3139 1870 3175 non
1891 3125 1962 3178 scri-

366 3184 487 3254 quotidie
504 3195 651 3239 versentur
670 3186 699 3239 in
717 3183 788 3248 toro,
807 3183 904 3252 stylum
922 3183 1010 3236 curiit
1028 3181 1082 3237 tibi
1098 3181 1139 3235 ia·
1189 3207 1235 3264 pto
1252 3195 1373 3250 renisus.
1393 3197 1472 3267 Quod
1493 3199 1731 3278 limitandum.)
1748 3205 1804 3260 nisi
1823 3209 1906 3278 stylus
1928 3203 1970 3263 iu'

371 3267 507 3321 utiliorem
530 3267 681 3322 reddidisse
702 3276 921 3339 immunditie
946 3267 1018 3320 unde
1037 3267 1136 3320 ididem
1189 3283 1352 3351 scripturam
1372 3283 1557 3350 redactus,ita
1571 3287 1644 3340 enirn
1657 3290 1881 3362 perscripturum
1894 3312 1960 3366 pro-

373 3351 406 3404 de
424 3353 491 3422 stylo
509 3350 720 3422 deponentibus,
738 3360 770 3403 ¹¹²
781 3351 878 3420 peritis
891 3350 1063 3416 mimium»
1077 3367 1137 3403 ⁰¹¹¹ss
1189 3363 1265 3417 basse
1283 3367 1398 3436 stylum,
1414 3368 1457 3420 nil
1477 3368 1588 3424 babebit
1607 3371 1732 3440 absurdi,
1756 3393 1818 3430 nam
1842 3389 1869 3433 et
1890 3395 1959 3434 con-

369 3435 493 3503 quotidie
510 3437 626 3488 habeant
642 3435 692 3489 ista
711 3452 774 3506 prae
792 3433 936 3499 manibus,
954 3435 1070 3489 Flamin.
1085 3437 1137 3489 lia·
1187 3449 1313 3515 mamete),
1336 3453 1366 3505 tn
1389 3453 1546 3525 scripturam
1568 3454 1686 3520 redacta,
1717 3473 1767 3528 paa-
1784 3457 1960 3531 [scalpimus

368 3518 417 3569 ris.
442 3519 476 3570 de
500 3519 639 3588 designat.
666 3519 782 3590 benefic·
807 3519 846 3571 tit
872 3531 896 3572 3.
924 3521 957 3588 Q
979 3533 1003 3574 s.
1034 3537 1062 3574 ιι.
1094 3534 1149 3576 to.-

368 3601 466 3654 Mattb.
485 3599 519 3654 da
537 3601 637 3656 linter.
657 3603 731 3658 nteets
759 3603 897 3674 Neapolit.
917 3615 958 3657 ts.
977 3621 1004 3656 n.
1025 3618 1049 3658 s.
1067 3603 1136 3658 Bar·

373 3685 522 3740 toloedl.
541 3685 690 3758 dequibus
708 3706 726 3740 ιι
757 3699 799 3742 33.
810 3687 851 3758 ff.
871 3688 905 3741 aie
922 3691 979 3743 ll.
999 3691 1044 3743 Du
1068 3690 1136 3744 Pru·

1190 3545 1257 3590 reote
1278 3535 1416 3606 probatur.
1439 3537 1543 3592 liebud'.
1565 3540 1630 3593 Art.
1656 3551 1682 3593 3.
1711 3543 1801 3598 Gloss.
1826 3559 1852 3600 3.
1874 3537 1911 3602 ιι.Ι
1932 3561 1959 3604 3.

1188 3617 1240 3690 (3.)
1258 3621 1317 3696 Hoc
1333 3621 1524 3690 limitandum,
1543 3625 1598 3678 nisi
1618 3627 1679 3682 talia
1697 3627 1879 3685 instrumenta
1893 3637 1970 3706 pro-¹

1190 3701 1333 3770 ducantur,
1352 3704 1381 3758 in
1399 3706 1497 3776 quibus
1515 3706 1562 3760 iile
1579 3708 1638 3778 ipse
1657 3726 1740 3766 nurus
1752 3713 1843 3783 stylus,
1856 3713 1961 3786 dequo

370 3771 440 3822 etam
457 3771 516 3824 voi.
537 3781 562 3823 r.
582 3787 658 3826 cons.
674 3785 701 3826 3.
721 3789 748 3825 ιι.
763 3783 805 3826 st.
817 3771 937 3826 manae.
956 3776 1031 3828 Tum.
1045 3787 1067 3828 t.
1081 3775 1138 3830 De-

370 3853 498 3911 ciates.
518 3873 545 3910 ιι.
567 3869 592 3910 3.
611 3865 640 3910 et
661 3859 739 3912 Ῑοιιι.
760 3868 784 3909 2.
803 3856 1140 3930 vanescentium

372 3953 404 3992 eo
423 3938 584 4006 extendunt,
602 3949 633 3992 nt
645 3939 671 3992 si
687 3942 779 4011 piures
798 3939 926 3994 Adtocati
945 3947 972 3994 et
985 3941 1140 3999 Pmourato·

370 4037 414 4076 res
432 4025 599 4079 unanimiter
615 4041 666 4094 pro
692 4028 761 4096 stylo
785 4025 938 4097 deponant,
959 4025 1042 4078 etiam
1065 4043 1138 4080 snm·

369 4107 455 4161 maria
469 4123 559 4162 eornm
571 4107 706 4180 depositio
721 4107 1034 4173 sufficiat-ludos·i’ost.
1048 4111 1136 4166 Tract.

370 4192 404 4245 cle
422 4194 545 4246 rubiost.
566 4193 648 4248 decis.
668 4205 728 4248 tte.
748 4212 776 4247 ιι.
797 4203 839 4245 tt.
859 4195 959 4248 Verum
975 4209 1036 4247 cum
1050 4202 1139 4250 tanam

367 4279 436 4354 alias
454 4279 519 4334 testi
536 4281 655 4356 injurato
672 4275 742 4332 tides
759 4279 910 4332 adhibenda
927 4297 983 4334 non
1000 4268 1038 4336 sit
1053 4283 1085 4335 L.
1112 4293 1137 4335 s.

313 4381 319 4391 ·
375 4367 402 4421 C.
422 4365 456 4420 de
480 4365 546 4420 iisd.
569 4365 669 4420 Credit.
682 4363 843 4418 sentenuan
855 4363 930 4418 iilam
941 4364 975 4417 ad
987 4367 1086 4436 stylum
1095 4367 1138 4420 in-

368 4449 584 4521 terpretativum,
603 4450 643 4502 rel
660 4446 785 4501 ordinem
802 4447 966 4517 judiciorum
980 4459 1083 4504 mutum
1097 4467 1138 4505 re·

367 4531 756 4606 spicientem,restrinpendam
771 4547 827 4587 esse
839 4545 971 4605 potamum
981 4538 1047 4591 alias
1060 4539 1135 4591 euim

369 4618 453 4687 stylus
473 4633 522 4687 per
539 4618 621 4671 testes
639 4615 827 4685 legitimos,et
839 4617 960 4687 legitime
970 4619 1135 4674 emminstos

368 4699 477 4774 probari
496 4699 589 4767 debet,
607 4700 734 4772 praestito
751 4701 895 4755 atestibus
907 4706 1066 4773 juramento.
1081 4704 1134 4760 Διι-

367 4793 436 4854 gust.
455 4781 534 4836 Bero-
559 4784 621 4838 Vol.
642 4783 790 4840 ascensii.
811 4793 854 4839 to.
872 4803 900 4840 ιι.
920 4798 944 4838 t.

404 4869 489 4923 Porro
506 4877 532 4922 et
546 4885 597 4940 per
613 4867 681 4921 alios
698 4879 778 4924 testes
796 4870 905 4940 probari
926 4871 1026 4943 poterit
1048 4873 1132 4943 stylus

368 4953 474 5020 curiae,
492 4953 540 5008 sed
559 4953 589 5006 lsi
607 4952 666 5005 sine
684 4951 766 5008 dubio
783 4957 870 5024 jurato
892 4959 1083 5023 examinandi,
1109 4973 1134 5016 et

246 5083 253 5102 ,
365 5050 484 5093 exactam
502 5037 631 5093 scientiae
648 5055 753 5092 caumm
772 5042 924 5111 exprimere
935 5061 1072 5096 necessum
1087 5045 1133 5098 ha·

364 5125 440 5179 bent-
456 5123 524 5182 ὓοηι
543 5125 617 5179 enim
636 5125 718 5195 stylus
735 5127 825 5180 curiae
841 5127 945 5180 actibus
963 5127 1133 5196 judicialibus

365 5208 516 5264 inducitur.
533 5209 664 5265 Beriarol.
681 5201 792 5268 olbam.
813 5220 837 5262 t.
867 5211 958 5266 Giess.
984 5227 1026 5269 ts.
1052 5233 1081 5269 ιι.
1109 5229 1132 5270 3.

362 5285 471 5348 actuari
486 5313 549 5352 vem
565 5295 738 5367 judicialium
757 5295 851 5350 notitia
870 5313 923 5351 non
942 5297 1021 5354 ‘facile
1039 5303 1072 5355 ad
1097 5303 1133 5356 il-

366 5379 422 5445 los,
440 5381 577 5451 qui'extra
594 5379 648 5434 lori
668 5381 813 5452 strepitum
832 5381 950 5451 degunt,
971 5387 1131 5458 percuriat,

365 5465 457 5539 utique
476 5467 595 5538 penitim
613 5469 695 5539 juder
712 5469 862 5524 inmotam
873 5467 1000 5524 scientiae
1013 5471 1133 5545 inquire*-

1188 3783 1354 3857 disputstur,
1376 3787 1512 3844 edhibitus
1535 3787 1638 3845 inisset.
1664 3789 1694 3843 ii.
1720 3791 1755 3846 (i.
1780 3795 1811 3848 Si
1835 3795 1960 3852 donoro

1189 3872 1270 3940 stylo,
1289 3873 1433 3928 citationes
1449 3869 1652 3942 conscribendi,
1672 3877 1837 3951 disputetur,
1850 3893 1878 3936 et
1891 3902 1960 3958 pro-

1189 3953 1298 4008 baturus
1322 3959 1419 4030 stylum
1441 3959 1569 4032 producat
1591 3961 1694 4032 aliquot
1718 3965 1872 4033 citationes,
1903 3971 1959 4026 sub

1188 4039 1232 4094 his
1250 4041 1407 4097 formalibus
1426 4062 1441 4097 a
1458 4043 1546 4114 judice
1559 4047 1686 4113 emissas,
1699 4049 1762 4104 satis
1774 4049 1959 4120 intentionem
2014 4045 2019 4054 ⁸

1190 4145 1266 4182 anam
1283 4130 1419 4202 probarit,
1438 4149 1497 4188 cnm
1515 4133 1614 4189 exinde
1632 4135 1737 4190 abunde
1754 4151 1892 4211 appareat,
1907 4161 1958 4200 no·

1188 4231 1251 4268 stim
1270 4215 1367 4286 stylum
1387 4216 1416 4268 in
1434 4215 1536 4285 judicio
1555 4235 1613 4273 esse
1632 4230 1778 4293 receptum·
1798 4223 1875 4278 cont.
1891 4215 1967 4280 tna-¹

1190 4297 1276 4350 scard.
1294 4297 1328 4350 de
1346 4300 1462 4354 Probat.
1483 4301 1580 4356 cenet.
1600 4313 1660 4356 tlt.
1680 4322 1709 4358 ιι.
1730 4317 1755 4358 3.
1772 4317 1801 4360 et
1818 4317 1842 4362 t.
1855 4309 1901 4364 sie
1913 4321 1958 4365 et-

1190 4381 1257 4448 iam,
1277 4379 1324 4436 ubi
1343 4381 1377 4435 de
1395 4383 1444 4436 illo
1461 4385 1640 4440 controversia
1657 4396 1714 4452 est,
1734 4391 1796 4460 quis
1818 4394 1899 4463 stylus
1922 4381 1967 4450 iu⁸

1188 4467 1425 4524 instrumentorum
1444 4470 1638 4542 conscript'one
1656 4472 1808 4531 obseruatus
1825 4478 1956 4534 hactenus

1187 4551 1277 4620 inerit,
1286 4569 1336 4606 nec
1349 4571 1393 4621 ne,
1403 4555 1487 4626 stylus
1498 4555 1601 4628 optime
1612 4558 1741 4628 probatur
1750 4579 1800 4632 per
1812 4547 1966 4620 isrmmen·'

1186 4647 1272 4692 torum
1291 4637 1498 4712 inspectionem.
1511 4639 1565 4692 Du.
1580 4640 1756 4698 Prucltmanu.
1769 4645 1821 4700 vol.
1838 4657 1862 4699 t.
1875 4666 1956 4702 eous.

1188 4733 1231 4778 tt.
1245 4742 1275 4776 ιι.
1295 4733 1338 4776 ts.
1353 4721 1464 4779 Graaett.
1477 4725 1563 4780 Cous.
1585 4735 1644 4780 ttt.
1664 4745 1692 4782 ιι.
1717 4739 1742 4782 3.
1766 4727 1817 4802 (3.)
1837 4731 1898 4786 tttst
1920 4751 1957 4786 ex

1185 4809 1253 4865 actis
1272 4809 1355 4879 stylus
1372 4817 1513 4882 appareat,
1531 4819 1594 4864 tunc
1610 4811 1684 4865 enim
1703 4815 1813 4884 perillo
1825 4827 1885 4872 acta
1899 4829 1955 4889 sty-

1187 4895 1228 4948 lus
1247 4913 1353 4966 quoque
1370 4893 1477 4966 probari
1502 4905 1609 4966 posset;
1636 4899 1720 4970 stylos
1744 4899 1819 4954 enim
1842 4903 1955 4973 probari

1183 4989 1274 5050 potest
1293 4997 1325 5034 es
1344 4981 1512 5051 inspectione
1523 4981 1636 5034 aliorum
1650 5000 1820 5054 processuum
1833 4985 1962 5058 ejusdem

1182 5064 1295 5135 judicii,
1314 5064 1435 5117 Furinae.
1460 5065 1528 5118 Τοιιι
1550 5078 1573 5119 t.
1591 5065 1955 5124 valentinensibus

1186 5148 1356 5221 potissimum
1376 5145 1463 5203 resero
1472 5165 1580 5213 casum,
1593 5149 1618 5203 si
1631 5151 1662 5204 in
1674 5152 1741 5206 actis
1754 5155 1888 5210 sententia
1901 5147 1963 5207 ali-¹

1184 5252 1235 5304 qua
1255 5232 1417 5304 reperiatur,
1436 5249 1485 5304 pro
1502 5250 1569 5288 novo
1585 5233 1633 5289 illo
1651 5238 1720 5308 stylo
1738 5237 1804 5305 lata,
1823 5241 1864 5295 vel
1888 5257 1952 5294 oon·

1185 5329 1335 5376 trorersum
1354 5319 1433 5372 illum
1447 5319 1542 5389 stylum
1556 5321 1719 5392 approbans,
1731 5343 1781 5398 per
1793 5329 1952 5400 molentium

1183 5405 1258 5457 enim
1279 5404 1363 5473 stylus
1380 5401 1467 5458 salide
1486 5393 1629 5475 probatur,
1653 5425 1712 5482 arg.
1736 5409 1769 5464 l.
1796 5419 1837 5464 st.
1852 5407 1895 5482 ff.
1916 5399 1964 5466 δι’

1184 5489 1240 5544 a.
1255 5489 1417 5561 praesertim
1436 5505 1495 5543 cnm
1515 5489 1648 5546 renuntia
1668 5500 1697 5546 et
1712 5507 1755 5548 res
1772 5487 1889 5564 judicata
1900 5492 1962 5548 11'02⁴
