4424 6340
460 637 475 690 8
1012 631 1327 688 ΡΒΑΕΜΤΙΟ

478 732 577 801 XIII.
590 730 690 800 Notae
701 731 742 800 ad
759 725 1006 821 Compendium
1022 729 1230 816 Digestorum
1247 727 1583 797 Lauterbaehianurn.

374 893 380 902 ,
479 823 574 894 XIV.
590 823 757 912 Responsa
770 821 890 900 multa,
907 817 942 882 in
965 815 1124 885 Consiliis
1139 819 1348 886 Halensibus.

477 913 556 983 XV.
572 915 845 1005 Disputationum
860 909 881 975 J
885 907 1090 976 uridicarum
1105 909 1282 977 Volumina
1300 908 1394 979 VIII.

384 1003 478 1070 llaec
488 1056 498 1088 ,
510 1017 545 1071 et
559 1005 625 1071 alia
635 1003 775 1071 minoris
790 999 886 1068 molis
901 999 1036 1090 scripta,
1052 1021 1141 1090 quae
1164 1000 1224 1066 hoc
1240 1000 1308 1067 loeo
1322 1023 1457 1091 operose
1473 1021 1642 1068 recensere
1655 996 1745 1068 nibil
1758 999 1891 1086 attinet,
1904 1000 1957 1070 uti

389 1112 469 1161 sunt
484 1095 640 1162 exasciata
656 1095 783 1180 omnia,
797 1091 843 1158 ita
856 1111 941 1156 nova
964 1087 1248 1157 commendatione
1263 1091 1356 1157 nulla
1372 1091 1535 1184 indigent.
1553 1089 1678 1181 Snapte
1693 1092 1891 1181 praestantia
1906 1116 1960 1160 re·

388 1207 463 1252 rum
481 1185 592 1277 gnaris
606 1181 737 1250 dudum
753 1182 889 1248 abunde
905 1203 938 1245 se
953 1181 1146 1270 probarunt.
1164 1178 1300 1270 Quodsi
1315 1182 1368 1248 cui
1379 1180 1463 1248 forte
1479 1181 1638 1248 minusca
1664 1179 1809 1248 loretum
1825 1182 1887 1266 sit,
1900 1206 1959 1250 vo-

389 1274 564 1368 lueritque
579 1275 607 1341 is
622 1274 660 1341 in
674 1298 744 1340 rem
764 1282 969 1364 praesentem
989 1273 1119 1353 venire,
1134 1283 1183 1356 et,
1196 1295 1282 1362 quae
1297 1271 1351 1339 ltic
1363 1269 1475 1338 denuo
1490 1295 1604 1340 recusa
1628 1205 1766 1355 ditatur,
1789 1272 1957 1340 evolvere:

389 1363 521 1432 videbit
536 1367 650 1457 ipsene
666 1363 844 1430 mirabitur
856 1360 1124 1455 perspicuitatem
1140 1360 1299 1428 sermonis
1312 1379 1346 1429 et
1358 1360 1570 1448 facilitatem,
1584 1359 1753 1430 scribendi
1769 1383 1872 1452 genus
1886 1360 1960 1452 pla·

388 1477 490 1539 num,
500 1466 641 1536 tersum,
654 1466 771 1544 sponte
781 1453 903 1534 fluens,
919 1452 1109 1543 aequabile,
1123 1450 1287 1519 delectum
1296 1477 1409 1520 rerum
1425 1470 1458 1519 et
1469 1464 1758 1546 argumentorum,
1773 1475 1825 1518 res
1866 1463 1959 1518 etum

390 1544 434 1610 ad
449 1569 546 1612 usum
563 1545 651 1612 vitae
666 1567 702 1610 ac
718 1543 780 1610 fori
797 1561 1013 1635 perpetuum,
1029 1543 1093 1626 ita,
1106 1554 1144 1607 ut
1160 1542 1246 1608 nihil
1269 1543 1396 1630 sterile,
1421 1543 1509 1610 nihil
1534 1542 1708 1611 inutilium
1732 1540 1823 1609 subti
1839 1543 1959 1608 itatunt

389 1633 504 1701 Noster
520 1634 662 1726 proferat
674 1633 751 1718 ,sed
765 1657 850 1725 quae
865 1647 985 1701 certam
999 1659 1035 1700 ac
1051 1649 1198 1723 paratam
1214 1632 1368 1724 undique
1384 1633 1566 1702 utilitatem
1589 1631 1762 1724 spondent.
1779 1630 1959 1722 speciatim

389 1725 427 1790 in
437 1724 760 1818 Disputationibus,
773 1749 859 1816 quae
871 1731 1003 1817 primos
1020 1725 1055 1790 in
1072 1747 1162 1790 novo
1172 1725 1233 1790 froc
1242 1721 1353 1815 Opere
1366 1723 1490 1792 Tomos
1504 1723 1661 1816 implent,
1676 1721 1788 1791 videre
1801 1743 1870 1789 non
1885 1721 1958 1798 siue

389 1815 561 1906 voluptate
577 1816 668 1900 licet,
692 1840 796 1907 quam
811 1816 915 1883 fuerit
938 1816 975 1882 in
992 1813 1169 1906 seligendis
1184 1814 1457 1905 Disputationuru
1473 1815 1695 1882 Thematibus
1710 1813 1806 1880 solers
1822 1811 1955 1878 artifex.

388 1903 507 1998 Neque
522 1906 612 1972 enim
629 1906 706 1972 trita
723 1919 756 1972 et
772 1907 966 1998 proletaria,
982 1923 1015 1971 et
1031 1905 1072 1971 ab
1087 1904 1162 1970 aliis
1177 1904 1306 1972 dudum
1322 1907 1445 1974 centies
1460 1904 1564 1992 dicta,
1580 1903 1798 1972 tumultuarie
1813 1902 1959 1993 arripuit

390 1993 446 2062 sed
463 1997 603 2078 rariora,
619 2019 724 2088 eaque
740 1997 776 2062 in
793 1997 889 2087 praxi
905 2008 1017 2062 tamen
1031 1995 1128 2061 utilia
1144 2019 1181 2063 ac
1196 1997 1392 2081 necessaria,
1415 2021 1545 2088 semper
1567 1993 1747 2063 meditatus
1770 2010 1834 2072 est,
1855 2004 1959 2084 atque

388 2085 645 2175 operamdedit,
669 2097 710 2153 ut
733 2098 882 2152 accurate
904 2096 1142 2170 tractarentur,
1159 2085 1318 2175 adspersis
1341 2087 1506 2179 imprimis
1527 2085 1657 2154 casibus
1679 2081 1956 2176 quamplurimis,

389 2175 507 2266 quales
521 2175 626 2242 solent
642 2177 680 2243 in
696 2176 763 2242 vita
778 2199 961 2244 occurrere:
976 2199 1064 2268 quae
1075 2199 1143 2261 res,
1158 2174 1225 2243 dici
1240 2197 1309 2242 non
1323 2187 1430 2269 potest
1436 2230 1446 2263 ,
1460 2201 1563 2270 quam
1572 2175 1737 2244 eximium
1752 2171 1958 2244 versantibus

388 2263 426 2330 in
442 2263 513 2331 foro
528 2289 625 2332 usum
648 2264 775 2334 adferat
797 2267 811 2357 (
832 2267 855 2358 ).

432 2352 499 2422 Nec
511 2378 588 2422 sane
600 2379 802 2462 quemquam
814 2355 1002 2443 offenderit,
1017 2353 1107 2451 quod
1129 2355 1166 2422 in
1189 2354 1327 2424 diversis
1341 2357 1638 2449 Disputationihus
1652 2355 1834 2426 sententiae
1848 2352 1958 2424 diver-

389 2467 462 2528 sae,
476 2456 509 2512 et
523 2445 705 2537 aliquando
721 2459 852 2514 anterse
865 2461 1068 2540 pugnantes,
1084 2445 1319 2515 defendantur.
1336 2450 1386 2516 fle
1401 2447 1493 2515 enim
1508 2461 1596 2516 recte
1635 2469 1772 2538 erpensa
1795 2448 1838 2512 ob
1862 2444 1958 2536 inge-

388 2555 493 2601 nuam
509 2537 546 2602 in
561 2535 735 2604 sentiendo
750 2537 960 2622 libertatem,
973 2563 1075 2632 quam
1090 2535 1300 2604 auditoribus
1314 2539 1383 2606 suis
1399 2539 1562 2631 integram
1576 2471 1716 2632 reliquit
1730 2558 1874 2642 semper,
1898 2557 1958 2600 ne-

388 2646 457 2714 que
469 2623 511 2692 ad
526 2626 699 2782 opienioues
713 2652 787 2694 suas
800 2627 960 2720 adstringi
976 2651 1180 2734 quemquam
1196 2627 1509 2712 roluiulaudaudus
1520 2627 1636 2698 Noster
1694 2627 1761 2696 tius
1774 2625 1959 2712 videbitur3

389 2726 547 2782 tantuma
593 2728 637 2799 st,
649 2735 688 2784 ut
702 2741 791 2786 exeo
805 2719 1042 2786 inconstantiae
1058 2729 1136 2784 nota
1152 2717 1235 2786 Viro
1250 2717 1388 2786 Summo
1402 2717 1523 2786 debeat
1532 2719 1625 2786 inuri
1641 2650 1693 2808 gl

433 2803 611 2873 Caeterum
629 2808 665 2872 iu
675 2808 729 2880 his
745 2808 1038 2898 Disputationibus
1052 2807 1265 2890 materiarum
1277 2831 1377 2876 omne
1392 2831 1496 2900 genus
1515 2809 1625 2914 attigit
1640 2831 1676 2874 ac
1695 2823 1885 2896 persecutns
1899 2817 1957 2872 est.

285 2939 286 2942 =
390 2897 460 2965 vix
477 2897 513 2963 in
529 2896 615 2964 Jure
629 2922 733 2966 suero
753 2913 785 2965 et
803 2899 972 2992 profhrm,
984 2899 1124 2993 publico
1138 2922 1180 2966 ae
1191 2902 1337 2991 prierato
1343 2951 1354 2981 ,
1357 2896 1505 2989 feudali
1510 2948 1521 2980 ‚
1534 2897 1710 2966 criminali
1721 2895 1959 2982 ,Germanico

388 3003 420 3054 et
431 2989 638 3094 prouinciali
646 2990 792 3057 nobilior
804 3002 952 3057 occurret
967 2991 1119 3072 materia,
1135 3011 1237 3080 quam
1252 3012 1320 3057 non
1330 2988 1495 3082 praeclare
1504 2989 1701 3056 illustratam
1717 2985 1858 3057 dederit.
1876 2984 1961 3054 Prae

388 3079 461 3144 aliis
477 3095 589 3145 tamen
602 3077 670 3146 Jus
685 3078 932 3148 Germanicum
947 3080 982 3146 in
997 3079 1124 3148 deliciis
1136 3079 1257 3146 habuit
1272 3080 1337 3174 (3)3
1352 3079 1568 3173 caeteroquin
1590 3074 1628 3145 id
1639 3099 1768 3168 semper
1782 3099 1898 3170 agens,
1922 3089 1962 3143 ut

387 3168 454 3235 AD
470 3166 647 3236 PRAXIN
670 3169 782 3238 omnia
796 3171 942 3237 referret.
958 3169 1058 3237 Unde
1074 3169 1255 3251 etinctum,
1271 3184 1310 3238 ut
1328 3171 1388 3253 iis,
1411 3171 1471 3262 qui
1496 3175 1533 3239 in
1555 3168 1656 3237 Praxi
1680 3166 1833 3235 Iuridica
1855 3166 1958 3232 multi

388 3270 484 3344 sunt,
500 3281 581 3326 auro
596 3276 708 3326 eontra
723 3284 796 3328 cara
806 3259 984 3352 Strylsiana
1000 3272 1127 3344 essent,
1143 3283 1179 3326 ac
1193 3283 1304 3330 revera
1319 3261 1435 3328 Noster
1450 3283 1518 3328 non
1533 3259 1648 3346 modo,
1663 3257 1748 3326 dum
1763 3257 1906 3342 vireret,
1922 3255 1961 3320 iu

338 3425 341 3432 Δ
387 3347 459 3414 foro
475 3351 662 3440 regnaverit
679 3349 744 3439 (4)(
760 3349 817 3416 sed
832 3367 866 3417 et
878 3361 950 3440 post
965 3349 1031 3415 fata
1045 3351 1230 3415 etiamnum
1246 3363 1361 3444 regnet
1378 3352 1438 3442 (5).

433 3437 530 3526 Quae
546 3462 623 3504 cum
639 3439 684 3504 ita
701 3440 786 3519 sint,
824 3437 1008 3504 ratulamur
1021 3437 1143 3498 merito
1157 3437 1264 3499 literis
1279 3443 1414 3516 nostris,
1428 3439 1518 3526 quod
1535 3439 1699 3502 laudabili
1712 3437 1778 3502 Dr.
1794 3435 1962 3502 Woananr

387 3549 486 3615 opera
509 3525 624 3591 denuo
638 3525 759 3613 scripta
772 3461 1042 3590 slutttttarta
1055 3521 1165 3588 nitido
1181 3521 1278 3588 hoece
1301 3536 1335 3590 et
1356 3536 1488 3606 ornato,
1512 3536 1548 3591 et
1569 3521 1790 3591 commodiore
1813 3524 1963 3591 multum

385 3615 506 3682 habitu
522 3615 559 3678 in
584 3613 692 3680 lucem
715 3608 896 3701 prodeant,
920 3623 1020 3701 atque
1043 3610 1088 3675 ita
1113 3610 1337 3701 plurimorum
1360 3611 1503 3680 tandem⁴
1518 3613 1655 3680 satisfiat
1676 3610 1873 3692 desideriis,
1896 3611 1964 3704 qui

387 3702 577 3796 Strylrianis
592 3703 857 3806 hacteuusaegre
873 3713 906 3767 et
921 3723 1039 3793 magna
1055 3723 1131 3767 cum
1148 3700 1295 3767 molestia
1311 3726 1386 3788 sua,
1401 3700 1487 3770 forte
1509 3725 1569 3771 nec
1592 3703 1663 3769 sine
1686 3699 1823 3782 damno,
1847 3725 1964 3800 carue—

387 3811 483 3862 runt.
501 3793 547 3862 aa
575 3817 617 3861 ue
635 3791 669 3859 id
685 3791 881 3883 cumprimis
896 3790 931 3858 in
955 3791 1040 3857 votis
1061 3789 1237 3873 babemus,
1261 3804 1300 3858 ut
1324 3792 1419 3884 Opus
1439 3792 1778 3886 praestantissimum,
1801 3801 1836 3858 et
1856 3793 1964 3858 multo

387 3907 480 3952 nunc
493 3819 624 3951 facilins
640 3885 787 3976 parabile
796 3928 807 3965 ,
816 3882 914 3948 etiam
923 3879 1068 3947 Studiosi
1080 3881 1182 3948 nostri
1193 3899 1321 3950 mature
1336 3882 1386 3974 de³
1427 3896 1530 3965 stent,
1544 3899 1689 3962 versent,
1702 3882 1831 3972 legant,
1841 3891 1962 3964 terant,

387 3975 519 4042 fructus
535 3973 614 4041 inde
627 3975 768 4041 eximios
789 3970 986 4062 percipiant,
1000 3984 1034 4038 et
1051 3972 1103 4040 vel
1116 3972 1256 4038 maxime
1269 3971 1382 4040 ILLU
1410 3973 1541 4041 TREllI
1561 3969 1821 4041 AUCTOREII
1845 3972 1882 4037 in
1905 3997 1965 4038 ex-

389 4065 539 4157 emplum
555 4063 621 4132 sibi
638 4076 876 4156 proponentes,
887 4059 1020 4146 eadem,
1036 4085 1101 4152 qua
1120 4063 1189 4153 ipse
1207 4079 1270 4128 tam
1287 4063 1428 4132 feliciter
1444 4065 1601 4154 praeivit,
1619 4064 1670 4130 via
1688 4061 1864 4145 adseram,
1888 4063 1964 4128 soli-

389 4155 486 4239 dam,
502 4178 538 4222 ae
555 4154 754 4221 fructuosam
778 4153 872 4220 Juris
887 4150 1109 4224 Prudentiam
1125 4165 1260 4220 strenue
1268 4154 1480 4222 contendant.
1495 4154 1619 4249 Scripsi
1634 4153 1813 4246 Tubingae
1819 4204 1829 4235 ,
1853 4151 1888 4218 tl.
1912 4155 1961 4218 18.

389 4245 581 4328 Februarii,
599 4245 639 4310 A.
653 4243 881 4314 lllCCXLIII.

479 4452 505 4524 t)
523 4452 628 4510 Confer.
647 4469 726 4525 snpra
743 4462 799 4508 not·
818 4450 860 4523 (5)
877 4468 934 4524 pag.
955 4461 979 4502 7.

475 4528 502 4597 a)
520 4527 755 4598 operaepretium
775 4535 829 4588 est,
848 4533 878 4576 ut
896 4527 1045 4577 Auctorem
1063 4523 1154 4596 ipsura
1171 4521 1322 4588 audiamus,
1342 4525 1446 4597 egregie
1465 4527 1653 4600 huncquoque
1670 4541 1775 4584 eausam
1795 4540 1868 4578 susm
1882 4539 1960 4596 pero·

389 4608 502 4653 rentem.
521 4599 584 4654 Vid.
602 4617 626 4652 e·
643 4617 669 4667 g.
686 4596 834 4668 Praefatio
854 4593 892 4648 od
913 4595 1136 4665 Disputationum
1162 4599 1295 4652 Velamen
1315 4601 1337 4652 1.
1357 4601 1413 4652 ΙΙΙ.
1433 4609 1461 4650 et
1484 4601 1532 4654 VI.

460 4671 504 4742 (a)
525 4673 564 4723 Er
581 4673 629 4724 frat
646 4671 689 4724 ein
709 4669 872 4726 inuerlicltes
897 4669 1055 4738 Vergmtgen
1075 4668 1212 4738 bourget,
1233 4687 1314 4723 wonn
1328 4669 1457 4738 jemand·
1477 4673 1714 4730 ...aurdanau
1735 4669 1810 4723 alren
1830 4667 1891 4723 und
1905 4669 1963 4722 mit-

385 4738 588 4864 tierenIZeiten
607 4745 656 4796 der
678 4745 825 4797 Teutsclten
844 4740 944 4793 Recine
963 4749 1045 4793 etwas
1067 4741 1269 4809 uonubringen
1296 4753 1400 4796 warato.
1427 4741 1666 4800 tnnttvvtorns
1691 4740 1810 4817 praefat.
1841 4743 1962 4794 Toml·

394 4814 481 4868 Consi
492 4847 498 4860 ·
516 4816 633 4868 Halous.
670 4849 677 4862 -
698 4824 738 4864 tt.
777 4853 784 4866 .
806 4825 847 4868 tt.

461 4885 503 4955 (t)
520 4885 603 4938 Idem.
622 4887 640 4937 l.
653 4812 681 4938 se.
701 4833 805 4940 Decies
826 4886 936 4939 Brtclrer
950 4883 1008 4940 und
1025 4885 1132 4938 feltren
1151 4881 1264 4954 (baben)
1283 4884 1312 4937 in
1331 4883 1384 4938 den
1408 4885 1555 4942 ramsolan
1579 4883 1802 4954 Gerirlttensast
1821 4883 1965 4938 clienticul-

390 4957 441 5010 ὅση
460 4957 504 5009 die
523 4957 672 5011 Oderlrand
690 4957 822 5026 erlanget,
842 4959 900 5010 aud
917 4957 987 5010 coele
1001 4957 1074 5027 jetro
1095 4955 1231 5010 hehnlten.

461 5028 502 5097 (t)
523 5028 564 5080 Es
573 5029 639 5082 sind
656 5027 698 5084 die
718 5029 872 5099 Servitute
890 5026 1039 5098 Scltnfflen
1059 5027 1088 5079 in
1108 5030 1225 5080 Schulen
1246 5027 1305 5084 und
1326 5029 1470 5086 Gertctren
1488 5027 1526 5082 im
1549 5033 1697 5086 remman
1710 5032 1796 5085 Reiolr
1810 5027 1879 5082 nort
1887 5025 1962 5096 jetan

390 5108 548 5167 erogatam
568 5098 644 5171 staff
654 5101 711 5154 und
727 5101 886 5156 nartalicltem
912 5101 1071 5166 Getrauct,
1093 5101 1213 5170 algleiclt
1231 5101 1276 5156 ilar
1298 5101 1442 5157 Versasser
1458 5107 1486 5161 in
1505 5105 1600 5159 arinen
1627 5103 1767 5160 Gebeinen
1786 5104 1873 5158 sefion
1894 5100 1965 5169 laeg-

389 5183 464 5227 stsns
482 5171 639 5226 rsrrnodert.
659 5173 735 5227 Idem
754 5174 771 5224 l.
791 5191 814 5227 c·
832 5170 856 5244 §-
872 5184 913 5225 ts.
932 5192 958 5245 p.
979 5183 1021 5226 st·
1107 5189 1110 5196 ’
