4478 6350
458 474 512 530 aaa
675 475 680 484 ¹
1015 471 1350 531 raomuruu
1844 481 1897 549 aar

391 569 567 639 lribucriut
588 567 737 636 laborem
761 568 926 634 ceruimus
954 565 992 632 iu
1021 565 1233 658 exprimenda
1263 572 1336 659 ejus
1359 568 1487 662 generis
1510 583 1630 654 morte,
1654 597 1723 666 quo
1745 578 1889 670 quisque
1911 603 1970 672 op-

391 662 512 760 petiit,
539 660 736 749 ultimisque
759 659 894 750 elogiis,
918 657 1042 749 quibus
1066 659 1145 724 huic
1167 657 1292 723 mundo
1318 660 1495 745 valedixit,
1519 661 1757 754 adscribendis3
1781 669 1837 734 sed
1854 679 1888 732 et
1903 671 1971 736 siu·

392 756 543 852 gulareru
570 751 629 818 lrac
653 753 686 816 in
712 775 748 818 re
772 749 907 815 laudern
932 750 1126 840 promeriti,
1153 745 1316 816 Martinus
1331 751 1455 846 illylius
1478 764 1512 818 et
1531 753 1741 822 wenceslaus
1764 757 1970 850 Bergmann‚

392 867 539 943 quorum
564 855 709 932 uterque
737 843 774 906 iu
803 837 901 904 editis
929 863 946 904 a
976 863 1010 904 se
1034 839 1144 920 libris,
1168 861 1268 930 quem
1291 839 1372 910 alter
1401 842 1539 934 quidem
1568 847 1869 940 Apopdtbegrnutu
1892 849 1971 918 Mo—

394 937 574 1016 rientium,
598 936 680 1000 alter
703 954 781 998 rero
809 927 1033 996 Tremeudum
1057 934 1179 997 mortis
1203 928 1322 996 iterum
1348 933 1548 1018 inscribunt,
1572 937 1657 1002 ultra
1675 957 1822 1004 sexcenta
1837 939 1971 1008 adducit

395 1032 490 1100 eliata
516 1046 730 1118 personarum
756 1021 845 1088 haud
872 1019 1087 1114 ignobilium,
1112 1045 1198 1112 quac
1223 1022 1258 1086 in
1283 1022 1403 1090 ultimo
1426 1025 1512 1092 ritae
1533 1026 1652 1117 spiritu
1668 1029 1895 1120 protulerunt,
1910 1055 1971 1124 op-

395 1125 478 1190 time
501 1116 655 1184 facientia
680 1114 721 1180 ad
746 1114 847 1178 vitam
873 1111 957 1177 liene
982 1109 1238 1190 instituendam,
1263 1113 1426 1206 beateque
1448 1113 1644 1184 finiendam.

442 1207 544 1301 Quod
569 1207 674 1299 ipsam
698 1227 776 1272 vero
798 1203 917 1268 attinet
942 1201 1138 1292 Effatorum
1164 1202 1434 1295 Agonizautium
1460 1206 1754 1276 considerationem
1777 1211 1970 1302 juridicam,

396 1304 537 1396 dignum
566 1295 725 1389 equidem
752 1293 931 1360 arbitratus
957 1317 1053 1374 sum,
1082 1291 1165 1360 illud
1196 1295 1302 1384 ipsum
1338 1301 1406 1388 jus,
1439 1297 1529 1387 quod
1560 1296 1677 1389 Leges*
1696 1299 1776 1390 ipsis
1804 1302 1973 1394 singulare

398 1391 601 1486 quaudoque
628 1388 790 1466 tribuere,
815 1396 847 1450 et
871 1384 1071 1474 Interpretea
1099 1383 1181 1450 rarii
1211 1385 1289 1452 hinc
1315 1387 1394 1452 iude
1422 1387 1640 1478 explicavere,
1670 1401 1707 1455 ut
1738 1414 1755 1455 a
1785 1391 1972 1482 perlectiori

400 1483 542 1577 judicio,
565 1478 789 1545 elaboratione
812 1473 1006 1540 accuratiori
1031 1491 1238 1559 tractaretur,
1255 1501 1318 1566 qua
1336 1479 1434 1544 etiam
1453 1479 1487 1543 in
1506 1501 1541 1543 re
1558 1477 1757 1545 iudustriam
1771 1505 1862 1547 suam
1879 1505 1972 1573 egre·

400 1577 453 1668 gie
477 1569 629 1664 probarit
650 1565 849 1659 Polydorus
877 1563 986 1658 Ripa,
1016 1564 1051 1630 iu
1081 1563 1203 1630 Pisana
1231 1569 1379 1656 primurn
1407 1567 1599 1649 Academia,
1632 1580 1702 1660 post
1730 1571 1766 1635 iu
1798 1571 1972 1640 Ticiuensi

399 1661 582 1756 Gymnasio
608 1659 736 1748 Legum
761 1657 944 1746 interpres,
968 1655 1125 1720 Tractatu
1147 1653 1190 1722 de
1223 1655 1326 1724 Actis
1350 1661 1388 1724 in
1414 1663 1536 1725 mortis
1559 1658 1722 1746 articulo,
1747 1661 1870 1728 Verum
1894 1685 1973 1727 cum

401 1781 479 1822 eum
495 1755 603 1842 ipsum
621 1753 795 1816 Auctorem
821 1745 990 1836 prolixum
1012 1743 1164 1836 quidem,
1189 1767 1380 1814 nontamen
1398 1750 1846 1832 inomnibusratioueniti,
1868 1751 1970 1817 multa

400 1869 535 1940 quoque
557 1842 726 1922 omittere,
750 1861 785 1903 ea
804 1837 1016 1926 praesertim,
1041 1857 1128 1927 quae
1152 1859 1209 1902 nos
1232 1838 1377 1904 secundo
1400 1841 1506 1928 capite
1521 1841 1746 1919 tractavimus,
1763 1841 1974 1907 animadver-

369 1943 373 1954 '
400 1941 513 2003 terim:
538 1933 612 2022 lpse
636 1931 719 1996 hauc
741 1928 782 1992 de
807 1925 1071 2031 Agouizantibus
1096 1927 1374 2010 nrateriam,'non
1398 1928 1533 2020 perlecti
1557 1931 1687 2022 aliquid
1712 1931 1894 2012 statuendi,
1917 1929 1974 1995 sed

401 2023 571 2094 exercendi
597 2022 703 2087 solum
728 2019 856 2108 ingenii
880 2039 992 2094 causa,
1016 2015 1184 2104 colligere,
1209 2034 1243 2082 et
1267 2032 1434 2110 quantum
1460 2020 1541 2086 vires
1566 2026 1759 2110 patiuntur,
1777 2033 1975 2113 pertractare

402 2115 546 2204 suscepi,
570 2134 636 2175 nou
660 2113 705 2174 ita
731 2119 857 2186 tamen,
881 2119 919 2171 ut
942 2127 1055 2170 omnes
1073 2105 1203 2172 illorum
1220 2121 1312 2175 actus
1327 2121 1360 2175 et
1375 2111 1409 2174 iu
1428 2123 1594 2200 quantum
1610 2111 1754 2196 ualeant,
1772 2135 1975 2182 recenseam,

403 2209 437 2273 id
461 2205 549 2271 euim
574 2224 642 2264 nou
665 2197 923 2289 disputationem
948 2194 1191 2280 Academicam,
1216 2199 1271 2264 sed
1296 2201 1465 2292 integrum
1489 2199 1614 2266 librum
1639 2201 1835 2283 reruireret,
1856 2203 1974 2291 etjam

404 2323 420 2366 a
445 2297 533 2362 dicto
556 2291 645 2386 Ripa
692 2288 879 2374 raestiturn3
907 2285 963 2352 sed
991 2297 1031 2350 ut
1055 2285 1120 2354 sola
1144 2299 1275 2356 tantum
1300 2291 1446 2381 ipsorum
1472 2291 1589 2373 rerba,
1613 2228 1740 2383 quidve
1768 2291 1848 2380 ipsis
1870 2289 1973 2356 tribui

404 2389 543 2466 debeat,
564 2381 650 2450 cousi
677 2403 780 2446 erem:
806 2400 912 2469 neque
936 2376 1014 2443 haec
1036 2376 1137 2444 etiam
1161 2379 1287 2461 omnia,
1312 2377 1413 2446 multa
1438 2383 1528 2448 enim
1545 2381 1626 2447 circa
1646 2380 1839 2446 ultimarum
1858 2379 1977 2445 roluu·

407 2491 514 2544 tatum
536 2470 807 2542 constitutionem
830 2468 1061 2557 reperiuntur,
1085 2493 1171 2560 quae
1195 2470 1397 2561 singularem
1414 2496 1492 2562 prae
1516 2469 1590 2538 aliis
1615 2471 1918 2560 interpretationem
1943 2483 1976 2536 et

406 2565 577 2634 efficaciam
601 2561 742 2641 liabent,
767 2559 870 2650 igitur
892 2581 966 2624 cum
990 2569 1023 2623 et
1046 2557 1088 2624 de
1109 2558 1234 2626 hisatii
1253 2561 1333 2628 alibi
1353 2573 1508 2644 tractent,
1526 2573 1557 2626 et
1575 2561 1628 2626 hic
1643 2561 1767 2639 saltim,
1784 2584 1869 2651 quae
1885 2571 1977 2626 extra

406 2670 677 2723 testamentorum
698 2649 934 2716 conlectionem
958 2648 1117 2715 notabilia
1140 2668 1236 2734 suut,
1260 2651 1419 2718 brevibus
1436 2651 1656 2743 perstringere
1674 2651 1803 2740 putavi.
1819 2649 1983 2737 Quamvis

405 2765 515 2814 autern
540 2743 737 2832 neutiquam
760 2737 922 2806 confidere
952 2739 1088 2828 possim,
1116 2763 1171 2814 me
1198 2743 1331 2822 omnia,
1361 2755 1459 2832 prout
1487 2741 1621 2807 illorum
1645 2739 1789 2830 dignitas
1819 2739 1979 2828 postulat,

405 2837 460 2903 liic
485 2845 715 2926 pertractasse,
737 2830 772 2894 iu
798 2851 831 2893 re
856 2845 965 2894 tamen
992 2843 1056 2894 tarn
1082 2829 1224 2918 prolixa,
1249 2842 1385 2923 tamque
1407 2832 1525 2914 ardua,
1541 2849 1574 2897 ct
1590 2833 1626 2897 in
1642 2853 1709 2920 qua
1728 2830 1892 2894 nemiuem
1911 2829 1980 2895 lere

405 2942 615 3020 praeeuntem
640 2920 760 2999 liabeo,
783 2919 809 2982 si
833 2939 898 2984 nou
920 2919 1030 2984 omnia
1050 2934 1214 2986 assecutus
1235 2921 1348 3002 suero,
1371 2921 1464 2990 facile
1490 2922 1573 2988 milri
1595 2921 1727 2986 veniam
1743 2941 1760 2984 a
1777 2915 1981 2985 Candidiore

406 3016 525 3111 quovis
548 3013 719 3105 promitto,
743 3021 932 3090 contentus,
956 3009 983 3074 si
1006 3008 1123 3090 linem,
1147 3034 1249 3101 quem
1275 3011 1358 3078 mihi
1381 3013 1555 3106 proposui,
1579 3012 1640 3076 sina
1664 3028 1839 3076 assecutus.
1905 3005 1910 3014 '

1026 3167 1272 3239 CAPUT
1320 3175 1349 3242 1.

725 3333 783 3400 De
799 3327 1071 3422 Agonizantibus
1090 3335 1128 3399 in
1144 3354 1288 3421 genere,
1303 3335 1520 3429 ejusdemque
1534 3337 1660 3430 effatis.

595 3521 618 3571 S
637 3517 666 3568 U
680 3514 716 3567 M
728 3513 765 3566 Μ
778 3513 808 3565 A
825 3513 852 3566 R
870 3512 934 3566 Μ
1255 3517 1289 3570 do
1306 3519 1429 3587 potentia
1445 3519 1575 3590 proximu
1591 3535 1641 3590 pro
1654 3525 1717 3571 uctu
1730 3513 1902 3585 accipiatur?
1915 3535 1943 3568 rr.
1957 3527 1983 3567 r.

1220 3603 1344 3656 Moriens
1355 3603 1540 3672 praesumitur
1547 3621 1636 3658 ranae
1648 3599 1755 3653 mentis
1768 3599 1911 3653 Buttuun
1923 3618 1982 3654 uun

406 3685 548 3745 Derirutio
565 3684 644 3736 vocis
664 3680 811 3751 Agoniaans
831 3699 849 3734 a
874 3680 995 3736 Graecei.
1010 3681 1168 3750 Agonotire·
1256 3685 1359 3740 inducit
1376 3686 1575 3741 alienationem
1593 3685 1701 3738 inentis.
1720 3703 1747 3738 ee.
1767 3697 1792 3736 s.

442 3765 587 3837 'fcisti'di
605 3765 653 3837 9⁰²⁰
669 3765 816 3818 dimum?
834 3783 861 3816 '²¹
885 3777 907 3818 ¹·
1218 3771 1395 3826 Morientium
1413 3769 1546 3824 interdum
1563 3769 1695 3824 memoria
1712 3765 1895 3836 penuriarum
1914 3769 1975 3821 Ho-

407 3852 581 3925 Ambl'iffl'lss'
600 3849 729 3906 v⁰⁰⁰b¹¹¹i
743 3849 824 3902 Μῡῑῖ·
844 3848 944 3902 milii
968 3847 1099 3904 amittit&
1122 3869 1167 3903 ⁰⁰·
1254 3853 1382 3911 ricarium
1399 3856 1484 3909 verbu
1499 3854 1677 3908 attenduntur
1685 3851 1809 3906 sollicite·
1822 3850 1984 3904 Heribundi

442 3937 542 4010 cipitur
557 3939 623 4000 iure,
641 3934 774 3998 strictius,
787 3933 963 3986 strictissime.
978 3935 1056 3986 Mors
1066 3949 1172 4004 semper
1255 3949 1418 3993 testamenta
1426 3935 1528 4008 fircera
1544 3945 1668 4006 possunt.
1684 3937 1724 3988 Et
1740 3945 1898 3990 euertuerue
1915 3935 1983 3987 cete.

442 4021 660 4079 nobisimminet.
669 4019 869 4090 Philosophiae
876 4018 1093 4090 Agoniaantium
1103 4037 1170 4073 con·
1254 4023 1353 4087 brurer
1370 4023 1489 4094 ipsorum
1506 4022 1584 4077 dictis
1592 4019 1667 4091 fides
1687 4021 1837 4074 adhibetur.
1857 4039 1885 4072 re.
1904 4031 1930 4071 s.

440 4109 572 4166 εῖᾶθΐῠῑῖο
586 4103 723 4179 9υοΜοᾰο
741 4105 821 4158 ditm
830 4125 847 4159 a
861 4104 1011 4158 Jurt'dt'w?
1029 4123 1056 4156 π·
1078 4116 1102 4156 ²·
1220 4111 1283 4164 Non
1303 4119 1517 4178 praesumuntur
1535 4107 1707 4162 immemores
1723 4103 1822 4158 sciuris
1842 4111 1980 4157 aeternae.

407 4193 623 4265 Agonisnntium
641 4189 822 4244 diversimode
844 4187 999 4266 appellatio.
1019 4206 1047 4240 n.
1067 4202 1092 4242 3.
1255 4209 1284 4243 n.
1306 4205 1348 4246 so.

405 4281 479 4336 Furi
493 4279 620 4332 dicuntur
637 4286 663 4328 rt
679 4275 871 4331 balbutientes.
889 4274 1071 4330 Inattt'cuiute
1081 4275 1169 4349 loqui,
1219 4273 1394 4345 Praecipue,
1412 4274 1506 4328 sirint
1517 4275 1642 4328 irumiuer
1654 4268 1858 4338 buuuesumue.
1871 4267 1990 4322 Homini

441 4364 489 4438 pui
503 4360 651 4420 dicuntur?
668 4379 695 4412 n.
718 4369 742 4410 t.
950 4387 953 4396 ι
1255 4357 1379 4430 perfecto
1392 4357 1421 4410 in
1433 4355 1670 4423 multitudiue,
1682 4355 1710 4410 iu
1723 4352 1820 4425 quibus
1832 4351 1897 4405 aliis
1908 4349 1988 4405 nora?

404 4447 590 4521 Agonisurrtt's
607 4447 690 4502 realis
706 4443 839 4517 definitio·
856 4443 928 4516 Eius
938 4442 1168 4514 pretationem-
1256 4463 1284 4498 η.
1308 4456 1347 4497 tt.

442 4551 535 4589 rorum
555 4541 602 4586 est.
623 4550 650 4584 rr·
670 4543 694 4584 t.
1218 4529 1282 4583 Nora
1301 4525 1394 4583 amuis
1410 4525 1536 4582 Moriens
1548 4529 1625 4581 earu
1638 4525 1786 4581 Jcirunuer
1796 4521 1987 4594 Brungriistc.

404 4620 567 4688 Agonisuns
591 4616 759 4680 virentibus,
784 4633 842 4669 nun
867 4612 982 4669 mortue
1004 4623 1168 4669 accensetur.
1254 4631 1283 4666 rr.
1305 4625 1347 4666 tt.

441 4727 469 4761 n.
490 4720 515 4760 a.
1220 4694 1354 4754 Moderati
1366 4713 1422 4750 non
1436 4713 1494 4751 erse
1506 4695 1680 4758 credendum,
1693 4693 1720 4748 si
1730 4693 1760 4746 irs
1774 4689 1917 4746 mendacio
1930 4705 1987 4742 non

404 4792 497 4846 Filius
516 4808 565 4854 ca,
584 4807 655 4862 quae
670 4787 722 4858 ipsi
729 4789 821 4858 iegato
828 4825 837 4854 ‚
851 4804 911 4840 cum
923 4789 1013 4841 rerer
1025 4786 1168 4851 morietur,
1255 4780 1340 4835 subsit
1361 4789 1501 4850 peccatum
1528 4780 1666 4843 mortale,
1690 4775 1773 4830 scutit
1798 4773 1879 4839 Iliun·
1900 4771 1988 4842 Cujus

440 4885 581 4945 tamquam
598 4871 705 4931 uiuente
720 4881 801 4942 putre,
816 4867 950 4940 acquisitu
968 4866 1084 4938 consert
1101 4869 1169 4924 Cum
1255 4862 1346 4935 opinio
1364 4859 1511 4934 restitutur·
1528 4865 1678 4919 Peccatum
1695 4877 1774 4914 omne
1798 4867 1837 4912 est
1862 4855 1987 4910 mortuie.

447 4957 562 5022 marim,
581 4967 653 5010 recte
668 4954 843 5026 stipulamur·
860 4954 932 5009 Cum
950 4953 1085 5008 morietur
1099 4961 1170 5008 recte
1257 4967 1285 5000 n.
1308 4961 1349 5000 ta.

444 5041 505 5116 quis
521 5041 618 5096 ituercs
636 5036 793 5094 instituitur.
810 5039 876 5092 Non
894 5053 962 5090 vero
970 5034 1061 5106 filius.
1079 5038 1171 5106 Orrure
1222 5030 1356 5088 Morienti
1379 5049 1436 5085 non
1460 5029 1579 5086 creditur
1595 5031 1624 5084 in
1632 5026 1772 5099 fraudem
1797 5025 1873 5098 legis.
1897 5025 1990 5079 Fraus

441 5141 518 5179 servo
537 5143 599 5180 cum
616 5120 747 5175 morietur
766 5119 877 5172 tibertus
901 5121 965 5174 duri
985 5139 1042 5176 non
1065 5120 1173 5191 possiti
1257 5133 1315 5168 non
1332 5114 1523 5182 praesumitur.
1542 5135 1570 5168 e.
1593 5122 1636 5164 tt.

446 5211 504 5264 Cur
517 5228 575 5264 non
595 5205 763 5276 ususfructus
786 5207 838 5258 tae
862 5203 1022 5258 conditione
1045 5204 1176 5258 constitui
1223 5198 1358 5254 Morienti
1373 5218 1430 5252 non
1449 5198 1569 5253 creditur
1585 5197 1614 5250 in
1629 5192 1704 5249 tertii
1710 5191 1916 5267 praejudicium.
1930 5193 1988 5246 Aut

441 5289 549 5362 possit?
566 5287 844 5360 Curfideicummissu
860 5287 952 5343 relicto
967 5305 985 5339 u
997 5283 1172 5358 Putrefiiio,
1258 5283 1284 5337 ri
1299 5283 1480 5338 commodum.
1500 5283 1541 5337 ue
1558 5281 1664 5354 quidem
1677 5279 1703 5332 si
1708 5280 1793 5348 juret.
1807 5276 1933 5332 Creditur
1945 5285 1987 5328 tu-

442 5375 570 5449 cumipse
581 5377 671 5434 Peter
682 5373 824 5444 morietur,
835 5391 892 5429 uon
902 5369 1067 5443 corfirmetur.
1080 5373 1174 5441 Quen·
1262 5387 1323 5424 meu
1342 5369 1371 5426 iu
1389 5369 1434 5427 sui
1449 5367 1531 5442 ipsius
1546 5362 1751 5440 praejudicium.
1769 5381 1800 5418 rr.
1823 5373 1863 5415 ts.
