4504 6344
420 462 471 526 131
921 459 1108 516 utsitJTtt.
1128 460 1161 514 X.
1178 459 1307 514 cirus.
1325 459 1362 514 lt.
1795 454 1848 520 1112

346 563 393 616 des
412 557 523 614 suatum
547 554 629 608 istum
647 553 733 608 adhuc
751 552 920 626 posscderint
938 556 1023 610 Guid.
1042 558 1106 625 Pap.
1161 557 1330 628 hypothecae
1348 553 1511 626 simpliciter
1529 553 1556 608 in
1571 555 1630 625 jure
1644 552 1747 608 mentio
1761 550 1840 606 luerit
1852 547 1931 616 lacta,

344 644 437 698 Deris.
460 653 517 696 tos.
537 656 598 692 cum
618 638 687 708 apud
707 638 863 704 schabest,
883 638 916 692 de
933 659 986 711 quo
1004 639 1057 711 ipsi
1071 659 1111 693 sa·
1162 641 1241 694 toties
1259 641 1408 710 generalem
1428 638 1637 717 stahaudiendam
1656 639 1757 693 dudum
1783 639 1934 693 observarit

345 725 443 784 tisfieri
469 723 556 796 possit
581 721 693 792 llering.
719 722 751 776 de
773 721 909 792 Fideiuss.
928 741 949 776 c.
969 735 1011 774 2r.
1030 726 1065 777 Ρ.
1090 735 1112 776 2.
1163 724 1377 776 accuratissimus
1397 722 1519 792 anacius
1539 723 1586 778 lib.
1605 736 1631 778 e.
1650 724 1708 776 obs.
1730 735 1754 776 2.
1773 722 1807 776 Et
1825 724 1860 779 ita
1884 724 1933 776 bas

345 829 374 864 n.
396 819 456 862 202.
486 806 613 860 1112200222.
644 804 784 858 Caroccius
802 805 837 857 de
855 805 973 859 Excuss.
993 807 1056 858 bon.
1075 809 1112 859 P.
1166 809 1281 861 novellas
1300 805 1443 860 conciliant
1459 805 1572 876 Magnis.
1598 806 1652 859 1122.
1678 805 1781 860 Brunn.
1808 810 1931 864 Patron.
1962 863 1965 868 Α

347 903 454 965 0220022.
470 902 512 944 tc.
526 907 554 942 n.
577 901 598 940 t.
619 887 704 940 Andr.
724 887 829 941 Barbat.
849 887 878 940 ic
897 888 1112 959 c·perveuit.1l'.
1166 899 1244 960 atque
1269 895 1412 960 Praeceps.
1437 889 1598 960 obsequiosa
1624 891 1697 944 cultu
1732 889 1936 948 devenerandos

347 979 381 1030 de
407 976 542 1046 Fidey'uss.
573 992 601 1024 22.
638 984 662 1024 s.
695 971 799 1024 Auster.
829 971 858 1024 in
886 973 982 1042 Apost.
1001 971 1115 1026 021622-
1165 971 1827 1032 6022222022.Οοᾰ.021.1222120222.2011202110210
1856 973 1889 1026 0.
1908 982 1935 1025 02

345 1065 410 1134 pell.
435 1061 543 1116 Tholos.
570 1057 660 1110 Decis.
688 1067 746 1110 222.
764 1073 881 1128 proquo
899 1057 980 1110 etiam
998 1055 1063 1110 122012
1081 1067 1115 1110 tc·
1167 1063 1204 1114 A.
1224 1061 1277 1112 Dn.
1298 1059 1384 1112 1110122.
1404 1060 1441 1113 021
1457 1057 1483 1112 21-
1504 1059 1717 1113 Auctoritatis.
1733 1069 1756 1108 2.
1772 1057 1932 1130 Ducarpc.

351 1160 410 1202 rtns
430 1147 459 1200 in
479 1148 510 1200 l.
527 1143 553 1196 si
563 1143 785 1198 Procuratorem
805 1146 825 1203 §.
845 1141 892 1193 red
903 1135 1115 1212 -igcoraatesffi
1165 1152 1240 1214 part.
1262 1153 1285 1195 2.
1304 1161 1327 1195 0.
1353 1152 1390 1194 22.
1413 1137 1470 1208 defi
1494 1153 1533 1192 ts.

349 1230 479 1286 Mandat·
498 1232 530 1283 L.
548 1225 651 1300 siquis
671 1242 747 1280 reum
768 1238 791 1276 t.
808 1225 894 1296 princ.
913 1225 942 1276 iu
962 1223 1119 1278 2221212221
1201 1227 1323 1280 Ulterius
1342 1236 1366 1280 et
1386 1223 1501 1279 debitori
1518 1223 1647 1276 debitoris
1667 1223 1753 1286 datur,
1770 1223 1794 1275 si
1814 1223 1935 1278 scilice
1973 1231 2004 1274 22

340 1313 535 1384 fidejussorem
550 1310 666 1381 pecunia
683 1310 835 1381 peruenerit
851 1307 950 1382 etipse
968 1325 1043 1362 rcum
1069 1308 1114 1362 de·
1168 1311 1298 1364 creditore
1312 1309 1393 1366 luerit
1406 1319 1548 1362 conuentus
1563 1305 1691 1360 secundus
1705 1307 1816 1372 debitor,
1825 1320 1851 1362 ut
1862 1309 1937 1379 prius

350 1398 420 1451 derit
438 1390 613 1462 2102222οΙ
632 1391 666 1446 210
684 1391 790 1446 liberat.
811 1395 892 1464 legat.
911 1392 1020 1462 2·21(2).
1041 1393 1116 1446 Sem·
1167 1393 1271 1448 debitor
1290 1391 1438 1448 excussione*
1458 1391 1637 1455 submittatur,
1656 1391 1754 1459 judicis
1773 1391 1937 1464 poteritim·

348 1483 459 1556 pronius
479 1480 528 1533 sub
545 1479 699 1551 participato
720 1479 781 1532 dolo
800 1497 814 1531 a
833 1480 922 1531 Merio
943 1479 972 1529 in
998 1476 1117 1528 lraudern
1167 1477 1270 1548 phirsre
1295 1476 1441 1540 auxilium,
1462 1477 1491 1528 122
1509 1493 1571 1528 casu
1590 1475 1606 1526 1.
1632 1485 1655 1527 2..
1673 1475 1704 1530 C·
1732 1475 1843 1547 quando
1862 1477 1936 1530 Fisc.

351 1567 611 1624 landumulienante
630 1565 727 1618 emerit
745 1565 762 1615 l.
781 1565 856 1619 dorso
877 1575 917 1618 22.
937 1571 960 1627 §-
983 1577 1005 1616 2.
1027 1561 1068 1632 Ι.
1086 1563 1119 1615 de
1167 1561 1215 1612 vel
1229 1561 1330 1632 privat·
1354 1559 1480 1612 Excussio
1498 1561 1571 1614 enim
1590 1559 1732 1612 nominum
1757 1577 1818 1612 cum
1844 1559 1933 1614 2221221-
1975 1567 2006 1610 22

355 1654 425 1706 ,lure
444 1652 521 1707 Fisci
538 1649 675 1704 Benedici.
694 1648 843 1703 dePlumh.
862 1646 1061 1702 1011220222.
1079 1655 1118 1695 22.
1169 1641 1283 1698 diarium
1304 1646 1397 1698 saltem
1424 1643 1509 1715 sapiat
1526 1653 1661 1706 naturam,
1688 1644 1791 1698 tamdiu
1809 1663 1862 1698 non
1887 1645 1940 1699 erit

353 1736 382 1788 ia
391 1735 451 1806 fin.
469 1752 529 1788 cum
549 1734 623 1786 dolus
642 1750 704 1786 suus
723 1734 825 1786 nemini
845 1732 1027 1804 patrocinetur
1046 1729 1064 1779 t
1080 1745 1121 1780 ve·
1168 1728 1344 1794 admittenda,
1362 1728 1445 1782 (102220
1462 1726 1513 1780 alia
1532 1729 1572 1781 ael
1592 1725 1701 1780 mobilia
1720 1728 1758 1781 221
1789 1727 1940 1781 immobilia

356 1838 418 1872 rum
440 1833 483 1873 es.
502 1817 526 1892 5.
550 1820 667 1888 Tempus
687 1816 756 1887 effi
775 1819 834 1872 Pro
854 1816 935 1872 socio
954 1815 973 1866 l.
996 1825 1018 1865 2.
1027 1809 1068 1880 Ι.
1086 1812 1119 1866 dc
1170 1813 1300 1867 debitoris
1316 1813 1451 1886 supersint
1469 1811 1545 1864 bona.
1570 1811 1621 1863 llis
1650 1829 1711 1865 sero
1737 1807 1941 1878 deficientibus,

354 1905 422 1962 dolo,
438 1904 512 1958 molo
533 1902 551 1953 l.
563 1920 626 1971 pen·
640 1902 673 1956 C.
692 1901 725 1952 de
737 1904 831 1970 Legat.
851 1901 869 1954 1.
889 1895 1058 1968 tressrctres
1077 1909 1119 1949 ti.
1170 1899 1275 1952 demum
1289 1897 1324 1950 ad
1338 1897 1445 1950 nomina
1464 1893 1661 1960 transeundum,
1679 1905 1707 1949 et
1721 1915 1754 1949 eo
1773 1913 1833 1950 casu
1850 1895 1940 1949 credi-

345 1987 387 2058 Ι.
406 1987 438 2040 de
457 1989 538 2040 Pact·
557 1983 668 2040 20122121
687 1984 801 2052 denique
817 1983 873 2054 (s.)
886 1983 918 2035 de
931 1981 1119 2044 0220211222,22-
1172 1993 1212 2037 tor
1231 1991 1323 2036 contra
1342 1981 1471 2034 debitoris
1491 1979 1531 2032 sui
1550 1979 1681 2033 debitores
1703 1998 1781 2048 agere
1800 1988 1894 2051 potest.
1914 1979 1941 2030 d.

357 2069 497 2140 ctigalibus
517 2077 543 2120 et
562 2069 686 2122 censibus
700 2069 809 2137 egerim,
821 2085 881 2121 022222
894 2067 1046 2120 22112022022
1058 2077 1121 2119 tam·
1172 2067 1189 2120 l.
1215 2077 1237 2118 2.
1260 2067 1416 2119 6102122
1431 2064 1601 2134 Diumpnrt.
1623 2076 1661 2115 tt.
1681 2060 1704 2135 5.
1726 2075 1749 2115 2.
1767 2073 1795 2116 et
1814 2077 1838 2116 2.
1847 2062 1891 2133 Ι
1908 2063 1941 2116 210

379 2172 438 2208 nam
465 2151 504 2204 rei
528 2149 627 2216 infixa,
654 2169 831 2222 possessorem
849 2162 992 2220 sequantur
1010 2150 1027 2201 1.
1051 2161 1072 2202 t.
1080 2147 1121 2218 Ι
1170 2168 1201 2204 re
1219 2150 1304 2220 judic.
1323 2148 1439 2220 lllagnil.
1462 2149 1513 2200 Dn.
1533 2147 1677 2200 annem.
1695 2149 1848 2204 0022220222.
1870 2149 1940 2206 Cod.

411 2238 480 2292 ,Iure
506 2235 535 2287 F
535 2234 584 2288 isct'
600 2237 618 2289 1.
637 2239 819 2306 Imperatores
839 2248 863 2286 2.
866 2233 908 2304 Ι
921 2237 955 2289 de
969 2233 1077 2288 Public·
1096 2242 1123 2287 02
1172 2231 1582 2290 addimminutionem
1601 2233 1728 2286 process.
1744 2231 1858 2286 Exercet.
1871 2241 1942 2302 part·

361 2321 462 2390 Vectig.
487 2318 507 2370 1.
532 2335 594 2374 cura
617 2333 765 2388 possessor.
787 2331 811 2372 s.
831 2315 854 2389 5.
862 2317 921 2388 fin.
942 2313 983 2384 Ι.
1001 2316 1035 2370 210
1056 2317 1123 2370 Cen·
1175 2333 1198 2372 2.
1217 2337 1275 2390 cap.
1296 2331 1320 2372 2.
1342 2339 1370 2372 a·
1394 2332 1435 2374 22.
1453 2318 1524 2388 quod
1547 2317 1718 2370 limitandum
1733 2327 1809 2388 putat
1825 2317 1944 2372 Francus

357 2407 440 2459 sibus.
1172 2403 1197 2455 d·
1216 2422 1238 2456 c.
1260 2416 1282 2456 5.
1302 2424 1330 2456 a.
1352 2414 1411 2458 222.
1430 2403 1491 2457 Nisi
1510 2401 1638 2456 creditori
1659 2422 1674 2454 a
1692 2401 1811 2456 debitore
1829 2403 1937 2456 nemim
1980 2414 2009 2455 22

290 2497 322 2538 22
397 2483 507 2540 iuterim
527 2482 733 2554 dispositionem
750 2484 819 2538 hanc
837 2482 911 2536 122212
931 2481 1124 2535 22021221222122-
1174 2486 1274 2540 luerint
1291 2487 1411 2556 obligata,
1431 2505 1461 2540 co
1480 2485 1552 2540 enim
1569 2503 1630 2538 casu
1650 2485 1765 2540 creditor
1790 2485 1871 2538 etiam
1890 2504 1945 2540 non

359 2569 513 2622 collectione
530 2569 642 2636 quadarn
661 2567 814 2622 sustinendi
834 2567 940 2622 lrenum
966 2565 1034 2618 mihi
1059 2565 1123 2633 12211-
1174 2571 1293 2624 discusso
1310 2571 1462 2642 principali,
1481 2569 1666 2639 hypothecaria
1678 2570 1780 2623 actione
1794 2580 1884 2623 contra
1898 2569 1944 2623 de-

362 2669 421 2705 cere
440 2651 543 2705 ridetur
563 2659 651 2706 textus
669 2653 698 2705 in
718 2653 786 2706 Noe.
804 2661 861 2702 222.
874 2667 897 2702 c.
920 2661 941 2702 t.
965 2665 1000 2704 rs.
1020 2648 1054 2703 ab
1073 2650 1125 2702 hoc
1174 2651 1944 2724 121202022221212120212021202121ροι2212.(122121.1’2ρ.ὒο02’2.

360 2749 451 2792 cutem
463 2735 508 2806 qui
520 2745 638 2805 apertam
648 2736 846 2806 hypothecaria,
861 2751 912 2786 non
927 2733 1124 2786 excussoetianu
1178 2747 1236 2788 tst.
1256 2757 1332 2792 num.
1354 2750 1393 2791 ts.
1412 2734 1524 2808 Magnii.
1545 2737 1597 2794 Dn.
1618 2737 1766 2792 Brunuem.
1786 2737 1823 2792 od
1835 2737 1860 2790 21
1879 2739 1898 2790 l.
1919 2751 1941 2789 2.

355 2843 404 2878 220
424 2821 582 2893 principali,
600 2823 702 2876 actione
719 2820 814 2890 agendi
833 2819 910 2872 nobis
928 2819 1046 2888 suggerit
1057 2828 1125 2887 pote·
1175 2820 1203 2873 in
1213 2820 1271 2892 fin.
1291 2823 1365 2890 Quae
1383 2823 1510 2877 limitatio
1522 2839 1583 2875 cum
1598 2823 1718 2892 sequenti
1732 2814 1788 2875 iere
1801 2819 1944 2887 coincidit,

361 2921 472 2972 statem,
493 2917 523 2960 ut
540 2907 604 2960 adeo
622 2919 717 2960 asserta
738 2905 928 2958 0022221222ιί02ιί
941 2914 1044 2958 nostrae
1057 2906 1125 2955 ll'ov.
1174 2905 1278 2976 qnando
1305 2905 1356 2957 1121.
1383 2915 1444 2958 222220
1473 2907 1502 2958 122
1527 2906 1634 2959 nomina
1652 2905 1748 2960 ordine
1773 2923 1806 2959 ne
1831 2906 1940 2978 quidem

369 3003 393 3042 2.
412 2991 554 3045 animositas
566 3006 613 3060 per
632 2986 1126 3044 110012222222122220212102212212-
1176 2992 1313 3045 0“.2222220
1331 2987 1391 3044 heri
1410 3009 1487 3062 posse
1506 2992 1688 3046 excussionem
1706 2993 1880 3056 2222200221
1899 2991 1946 3044 de-

359 3075 405 3129 nei
424 3077 453 3126 in
473 3073 585 3125 novellis
604 3071 696 3124 habita
714 3072 832 3135 ratione,
846 3072 944 3124 iterum
957 3071 1126 3140 chrogatioue
1176 3070 1249 3126 bitor
1267 3073 1385 3144 primns,
1404 3074 1455 3126 alia
1475 3075 1537 3126 licet
1557 3073 1623 3126 bona
1644 3073 1782 3141 habuerit,
1802 3074 1832 3125 122
1851 3089 1943 3126 excus-

360 3161 477 3230 quadam
496 3155 615 3210 2121221222
635 3156 741 3219 violata,
760 3155 830 3226 qood
840 3165 867 3208 et
881 3155 935 3208 lere
947 3154 1045 3209 latetur
1056 3157 1125 3206 Mat·
1177 3155 1278 3210 sionem
1300 3157 1418 3210 nominis
1436 3159 1614 3224 consenserit,
1633 3157 1711 3211 modo
1731 3155 1780 3210 hoc
1798 3167 1945 3221 concurrat,

364 3243 403 3296 th.
423 3241 538 3294 Berlich.
558 3241 602 3292 Pe
615 3251 639 3291 2.
659 3240 745 3292 cnoel.
765 3249 807 3290 22.
827 3254 853 3289 n.
871 3250 912 3291 tt.
937 3239 988 3294 Sed
999 3258 1058 3292 cum
1072 3254 1127 3292 cor·
1177 3251 1205 3295 ut
1221 3241 1337 3306 nomina,
1349 3243 1377 3294 in
1391 3261 1456 3313 quae
1474 3244 1592 3298 executio
1604 3237 1664 3295 lieri
1678 3241 1767 3306 debet,
1788 3241 1844 3294 sint
1862 3241 1943 3308 liqui·

364 3327 452 3380 rectio
470 3325 539 3392 juris
558 3322 729 3394 ejusdemque
747 3324 860 3376 mutatio
878 3323 1000 3379 indubio
1014 3321 1127 3378 1222221112
1177 3323 1218 3390 da,
1239 3343 1299 3378 uam
1318 3327 1341 3378 21
1361 3325 1489 3381 debitoris
1508 3325 1612 3380 debitor
1631 3328 1765 3396 negaverit
1787 3323 1945 3388 redebere,

362 3405 552 3480 praesumenda
567 3407 709 3478 perplexos
729 3405 810 3476 hujus
830 3405 960 3458 nedicam
972 3407 1127 3459 Gordiino·
1175 3409 1313 3462 ordinario
1341 3427 1467 3482 processu
1490 3409 1523 3462 ad
1551 3411 1621 3463 hunc
1646 3408 1855 3464 convincendum
1879 3425 1946 3478 opus

363 3493 391 3544 di
411 3507 505 3554 nexus,
523 3491 654 3544 uariarum
674 3508 740 3562 quas
759 3489 903 3543 adhibuere
922 3490 1126 3544 distinctionum
1177 3491 1254 3556 lor-et,
1272 3504 1411 3564 antequam
1426 3494 1612 3548 decerneretur
1625 3493 1870 3560 executio;tttatth.
1882 3491 1945 3544 Ber-

362 3579 500 3638 2022221222,
520 3574 673 3630 discindere
689 3575 763 3627 omni
785 3575 845 3626 nisu
863 3574 1043 3630 allaborarnnt
1068 3573 1126 3625 DD.
1177 3577 1241 3629 lich.
1253 3588 1326 3646 port.
1350 3591 1370 3630 2.
1388 3581 1475 3632 conci.
1497 3592 1540 3633 20.
1557 3598 1588 3632 rr.
1606 3592 1648 3632 22.
1668 3577 1760 3650 Carpe.
1773 3575 1806 3630 de
1821 3579 1945 3630 Process.

362 3662 448 3714 hobis
467 3677 557 3712 eorum
575 3659 693 3712 arridere
711 3658 814 3712 videtur
833 3658 982 3722 sententia,
1002 3659 1128 3728 quiintcr
1178 3663 1217 3715 212.
1238 3673 1280 3715 ts.
1299 3663 1377 3716 artic.
1399 3675 1422 3712 2.
1441 3683 1468 3716 u.
1491 3676 1534 3717 22.
1553 3664 1612 3731 Quo
1636 3681 1698 3716 casu
1723 3664 1808 3726 etium¹
1829 3661 1946 3714 creditor

363 3746 546 3818 llypothecam
565 3744 723 3796 Generalem
742 3752 769 3794 et
788 3741 933 3813 specialem
951 3741 1081 3813 quoddam
1102 3743 1126 3798 h.
1178 3757 1311 3800 teneretur
1329 3747 1469 3801 admittere
1483 3745 1602 3813 nomina,
1622 3748 1674 3800 nisi
1695 3746 1781 3801 10222222
1802 3743 1944 3816 specialem

364 3835 381 3885 l.
399 3829 554 3900 agnoverint
573 3826 726 3880 discrimen.
745 3825 812 3878 Nam
834 3827 937 3880 Novell.
953 3827 1128 3900 112.Specia·
1177 3831 1301 3886 hahuerit
1324 3832 1500 3902 hypothecam
1528 3827 1705 3904 Carpion-ti.
1732 3833 1751 3882 1.
1776 3829 1894 3884 Berlich.
1918 3831 1946 3882 d.

362 3917 397 3969 lis
417 3913 587 3984 hypothecae
606 3921 782 3980 repraesentat
801 3921 911 3976 notam,
936 3929 1014 3981 quam
1041 3914 1127 3983 eupli·
1176 3915 1262 3971 conci.
1282 3929 1324 3970 sn.
1342 3935 1419 3970 num.
1440 3927 1481 3970 st.

365 3999 514 4058 cntionem,
532 3993 602 4049 sorte
621 3993 759 4048 cerebrina
778 4012 812 4046 ne
837 3995 968 4060 videatur,
994 3999 1128 4068 expressis
1211 4000 1315 4054 Deinde
1332 4010 1358 4053 et
1375 4001 1474 4054 correis
1499 3999 1614 4053 debendi
1635 3997 1771 4056 interdum
1791 3999 1842 4054 hoc
1860 3999 1941 4053 bene·
1983 4009 2013 4052 22

362 4082 450 4152 ipsius
468 4079 583 4134 novellae
601 4077 722 4133 dederim
736 4077 932 4151 comprobatam
946 4081 1048 4135 rerhis.
1061 4085 1128 4135 Ver·
1178 4081 1269 4137 ficium
1288 4085 1414 4157 applicari
1432 4085 1508 4138 solet.
1528 4084 1666 4138 interdurn
1684 4083 1802 4156 inquam,
1817 4085 1945 4154 repedari·

362 4165 396 4216 lii
415 4164 488 4214 enim
506 4161 535 4214 ¹⁸11
555 4177 622 4213 Wi‘
644 4161 689 4212 Ab
709 4161 761 4213 '¹⁰⁶
780 4170 870 4214 wi‘m
889 4159 913 4213 ‘i-
931 4179 952 4215 θ·
978 4163 1127 4216 hiltesin-
1178 4182 1217 4225 ter
1236 4171 1309 4224 enim
1328 4171 1371 4224 his
1390 4187 1444 4224 non
1463 4173 1607 4240 competit,
1626 4187 1686 4224 cum
1705 4177 1798 4222 natura
1818 4170 1945 4223 correalis

364 4257 441 4319 cepi!
461 4257 561 4300 sottaul.
580 4242 717 4318 Siquidem
728 4244 864 4316 speciales
879 4261 923 4298 m
946 4244 1060 4299 111011121Ι
1085 4246 1132 4300 vei
1177 4254 1350 4324 obligationis
1369 4255 1397 4306 in
1415 4273 1445 4308 ω
1465 4253 1602 4318 maginni,
1620 4261 1651 4305 ut
1666 4271 1761 4308 omnes
1779 4254 1808 4306 ἰη
1828 4253 1944 4306 solidum

365 4327 517 4386 1111111011Ῑῦ
527 4339 575 4385 ⁰¹⁴²
586 4346 615 4382 ⁸²
629 4338 763 4382 ’1101111111
777 4326 1055 4397 'mininaii'msfl‘l'im
1071 4333 1130 4400 HJ·
1178 4340 1335 4409 obligentur.
1355 4347 1375 4402 2.
1399 4353 1421 4392 2.
1442 4343 1507 4392 lust.
1532 4339 1565 4393 de
1591 4338 1696 4391 duobus
1714 4337 1776 4391 reis.
1795 4337 1813 4388 l.
1835 4349 1859 4388 2.
1878 4338 1896 4388 l.
1914 4341 1944 4392 ’2.

359 4417 491 4489 pothecoe
515 4415 693 4486 suppositae:
723 4413 752 4466 si
773 4415 860 4483 itaque
879 4413 1052 4468 debitorrem
1070 4430 1129 4484 spe·
1179 4430 1199 4486 y,
1220 4421 1545 4492 2212.Ι,2.2.ς,12ὀ.ιρ222.
1566 4424 1709 4478 sanctiam
1727 4422 1812 4476 correi
1831 4419 1947 4474 debendi
1983 4473 1986 4477 ,

363 4501 439 4552 022112
457 4499 615 4569 hypothecae
633 4514 702 4551 nexu
719 4496 861 4566 obligatam
881 4496 1045 4564 vendiderit,
1059 4498 1129 4567 quot
1179 4523 1270 4559 omnes
1289 4517 1350 4560 aunt
1367 4505 1529 4578 principales
1554 4503 1703 4573 debitores,
1722 4515 1751 4559 02
1767 4524 1820 4558 uita
1840 4515 1943 4559 aarum

364 4583 448 4636 iacere
467 4583 522 4653 ipsi
539 4584 602 4637 licet
621 4585 639 4634 l·
660 4596 684 4636 ⁶·
701 4579 742 4650 ff·
770 4581 803 4632 ‹te
818 4579 894 4652 piga.
913 4581 947 4634 in
969 4589 1077 4644 taenea,
1100 4590 1129 4634 ut
1178 4599 1219 4642 eat
1235 4589 1401 4660 obligarunt.
1418 4602 1440 4644 a.
1455 4597 1476 4653 §-
1490 4589 1584 4660 utcff.
1598 4590 1631 4643 de
1645 4590 1749 4645 duobus
1766 4590 1828 4645 reis.
1848 4589 1945 4642 222202.

364 4688 398 4723 02
424 4668 534 4742 [2002222122
560 4667 622 4722 inde
642 4667 749 4722 redacta
777 4663 890 4718 satisfiat
908 4665 1037 4718 creditori
1055 4667 1080 4718 d.
1100 4686 1127 4718 n.
1180 4674 1271 4727 Faber,
1289 4675 1384 4730 codic,
1402 4691 1454 4728 m.
1471 4675 1501 4727 ip
1522 4675 1588 4730 sah.
1601 4673 1808 4745 judiciarie.
1824 4686 1863 4726 tt.
1879 4671 1945 4742 Des.

368 4767 426 4809 222.
445 4755 550 4808 debitor
568 4772 628 4808 aero
647 4754 695 4808 sub
713 4751 854 4805 commissa
867 4749 980 4820 quadam
994 4751 1128 4822 negligen-
1179 4771 1203 4811 2.
1221 4778 1249 4812 rr.
1270 4769 1295 4810 2.
1313 4759 1384 4812 Huic
1402 4759 1485 4828 igitur
1504 4755 1635 4812 beneficio
1660 4760 1732 4812 locus
1750 4777 1807 4812 esse
1826 4775 1879 4810 non
1898 4775 1945 4827 po-

364 4841 403 4894 tia
423 4840 545 4894 creditori
565 4857 619 4892 non
639 4835 814 4898 satisfecerit,
826 4837 877 4904 jam
889 4837 918 4888 in
930 4837 1127 4893 voluntatecre-
1179 4845 1251 4906 terit,
1268 4860 1330 4896 cum
1349 4845 1415 4896 Νον.
1438 4851 1460 4893 2.
1480 4860 1503 4895 c.
1527 4855 1548 4894 2.
1568 4861 1617 4914 pro
1635 4841 1945 4911 fundamentoquasial·

365 4927 460 4980 ditaris
477 4925 560 4978 situm
577 4923 644 4987 erit,
663 4919 876 4992 hypothecariam
889 4929 981 4973 contra
993 4938 1128 4990 possesso·
1179 4936 1262 4979 teram
1281 4927 1465 4996 principalem,
1484 4928 1595 4980 alteram
1613 4927 1795 4992 accessorium,
1819 4927 1947 4996 requirat.

364 5031 421 5064 rem
436 5013 566 5064 intentare
578 5009 719 5070 actionen13
729 5015 753 5058 ct
763 5004 813 5058 1200
825 5005 910 5059 2221221.
924 5007 997 5058 Nou.
1016 5015 1073 5058 222.
1088 5005 1127 5057 Er
1179 5011 1302 5064 Vincent.
1321 5010 1410 5064 Ceron.
1435 5011 1469 5065 de
1494 5013 1614 5068 Excuss,
1639 5013 1703 5068 hon.
1729 5023 1804 5083 part.
1824 5022 1848 5062 2.
1870 5014 1902 5080 Q.
1926 5023 1947 5062 2.

365 5107 456 5149 nostra
470 5105 555 5147 antem
571 5093 639 5146 Noa·
656 5101 678 5141 2.
698 5089 826 5160 generalis
845 5089 944 5142 dicitur
963 5089 1129 5162 hypotheca,
1179 5113 1207 5147 rr.
1230 5108 1252 5147 2.
1271 5095 1310 5148 Er
1329 5095 1470 5168 aequitatis
1497 5106 1585 5152 tamen
1605 5096 1695 5166 rigore
1713 5098 1811 5151 0022012
1830 5093 1946 5166 quando·
1984 5107 2015 5151 22

366 5181 412 5232 nbi
432 5190 489 5232 22222
508 5194 647 5231 excussum
661 5173 837 5246 principalem
851 5173 1034 5248 hypothecaria
1048 5177 1130 5228 actio·
1179 5194 1230 5246 que
1248 5177 1474 5249 deprehendimus
1493 5179 1645 5246 indultum,
1664 5181 1688 5234 si
1708 5180 1791 5233 scilic.
1817 5197 1884 5232 unus
1902 5197 1948 5251 pe·

366 5281 400 5316 ne
420 5265 552 5332 praeclusa
565 5261 658 5314 merito
677 5261 795 5331 pignoris
808 5258 955 5332 possessori
968 5260 1017 5313 hoc
1029 5257 1130 5314 henefi-
1179 5260 1294 5324 cuniam,
1312 5264 1352 5314 201
1372 5262 1505 5331 itrtegrurn
1522 5273 1668 5318 0022220222
1687 5264 1818 5334 receperit
1844 5267 1949 5317 emolu-

366 5349 406 5400 cio
432 5346 593 5398 excussionis
618 5347 772 5401 consulitur.
804 5347 1028 5419 Quotiescumque
1058 5345 1131 5401 enim
1180 5354 1316 5417 2202222222,
1337 5349 1376 5401 210
1394 5349 1466 5402 enim
1486 5349 1523 5417 is,
1542 5347 1574 5400 ad
1593 5366 1672 5422 quem
1692 5351 1762 5404 nihil
1781 5351 1945 5421 peruenerit,
