4504 6344
325 498 378 554 aas
870 495 919 550 na
940 497 1054 554 suam
1073 496 1257 554 munao..
1726 500 1777 566 rat

257 613 336 654 naret
353 603 495 668 resartae,
515 605 646 668 perquer
664 605 737 650 ruam
755 591 969 664 iurisdietionem
988 594 1020 650 in
1078 594 1180 664 prietua
1204 593 1230 650 d.
1248 591 1271 666 5.
1291 595 1358 650 adde
1384 597 1402 650 l.
1427 609 1472 651 11.
1496 608 1522 650 et
1548 593 1649 668 ruff.
1666 595 1698 654 da
1717 599 1792 653 verb.
1809 599 1848 654 ri·

259 685 368 748 littora,
392 691 419 737 et
443 681 527 736 maria
553 687 682 744 ertercet,¹
702 697 730 732 ee
748 678 917 736 defendendo
935 693 1027 738 eontm
1077 678 1151 752 gnifi
1170 679 1202 732 Et
1225 680 1370 734 notandum
1388 689 1443 746 eat,
1458 681 1501 734 bic
1515 683 1704 754 imperatorem
1718 683 1789 754 loqui
1803 683 1849 738 ad·

256 764 1024 838 tarbautaa,prnpulaaudoene,quinonmereaudicau·
1077 781 1171 830 aerae,
1190 762 1254 816 dum
1274 762 1357 828 dirit,
1377 781 1449 818 reare
1467 765 1604 837 publicum
1631 783 1705 834 aare,
1731 776 1759 820 et
1783 771 1849 836 iuria

259 871 301 918 ra,
321 853 367 908 aed
385 865 477 908 mrum
492 867 574 906 natatu
593 850 761 924 impediendi
773 849 855 906 maria
871 852 1026 922 ingrediun-
1077 847 1213 918 gentium,
1232 847 1266 900 ad
1285 847 1479 902 excludendum
1498 849 1635 919 publicum
1653 852 1710 920 jure
1723 853 1849 922 aarum,

260 949 312 992 tur.
337 937 442 1008 llamqa
465 945 560 990 natura
590 936 672 989 marie
697 935 857 1008 proprietati
876 955 929 991 uon
947 953 1026 1006 repu·
1080 932 1151 1002 quod
1171 950 1223 1002 qua
1243 933 1451 1003 proprietatem,
1468 952 1520 1003 qua
1537 949 1614 990 utum
1631 938 1772 1010 eatpopuli
1784 957 1848 1008 pro·

189 1036 194 1063 ²
258 1033 339 1094 gant,
366 1031 397 1076 ut
422 1021 516 1076 multia
534 1019 601 1072 toria
626 1019 780 1085 evincitur,
799 1021 862 1074 lieet
885 1020 1028 1075 diruentiat
1078 1017 1189 1088 prium,
1209 1034 1262 1070 uon
1283 1033 1344 1070 vero
1361 1035 1414 1088 qao
1432 1017 1490 1085 ejar
1506 1034 1569 1070 aaut
1586 1034 1635 1090 pro
1653 1019 1780 1074 derelicto
1803 1033 1849 1076 eat.

258 1109 369 1166 Zmin,
390 1108 424 1163 a,
443 1123 495 1164 m,
513 1105 643 1162 division,
668 1125 696 1162 η,
717 1121 741 1162 ³,
766 1107 878 1164 emptu,
900 1108 934 1163 a,
958 1127 1027 1162 mr,
1086 1098 1192 1150 Deinde
1211 1116 1264 1152 aton
1284 1097 1392 1152 daretur
1406 1099 1560 1154 conducturi
1574 1102 1848 1172 ruariainterdictum,

257 1195 303 1249 lid.
321 1214 344 1250 c.
365 1207 389 1248 1.
408 1203 438 1248 et
456 1187 667 1262 Vinninand5.
689 1204 710 1246 1.
729 1193 849 1248 1111111.
873 1209 926 1247 m.
945 1192 1028 1247 aivis,
1082 1193 1113 1238 ut
1131 1183 1309 1240 conductione
1327 1201 1371 1238 ena
1390 1184 1506 1254 lruatur,
1526 1186 1548 1240 ei
1568 1188 1679 1242 omnino
1702 1190 1851 1260 proprieta-

256 1297 284 1333 rr.
307 1291 333 1332 t.
352 1279 527 1350 Quamquam
543 1273 615 1329 enim
628 1275 657 1329 bi
672 1276 726 1349 ipri
738 1278 885 1330 naturalem
898 1276 1026 1330 rationem
1081 1270 1120 1324 tie
1138 1288 1196 1324 non
1214 1287 1295 1342 capax
1316 1282 1419 1324 111111.
1441 1284 1480 1326 tt.
1499 1280 1520 1336 i·
1540 1270 1640 1342 ”luff-
1657 1273 1691 1328 δε
1705 1273 1814 1346 injuriis
1830 1276 1849 1330 Ι.

256 1361 319 1415 huie
335 1359 509 1434 occupationi
527 1377 673 1432 repugnare
693 1361 792 1425 velint,
815 1361 881 1413 duna
906 1360 1026 1414 metiari·
1082 1367 1109 1408 ³·
1136 1353 1180 1423 ff·
1199 1373 1234 1408 tte
1254 1355 1319 1425 qaid
1335 1355 1363 1408 iu
1381 1357 1433 1410 loc·
1449 1357 1524 1426 publ.
1544 1359 1590 1412 stc
1606 1359 1733 1430 quoniam
1759 1361 1851 1416 littora

258 1461 301 1498 mu
319 1445 402 1499 maria
420 1443 574 1514 magnitudo
591 1443 717 1497 omnibus
736 1443 893 1496 hominibus
918 1441 1025 1498 iuliace-
1081 1440 1181 1511 populi
1212 1438 1313 1494 romani
1341 1449 1403 1492 aum
1426 1440 1452 1494 d.
1470 1441 1489 1494 1.
1509 1453 1533 1498 ³.
1552 1443 1670 1512 ejusdem
1689 1444 1758 1512 juria
1777 1461 1850 1500 mare

256 1545 285 1582 re
302 1540 416 1602 poterat,
434 1540 462 1582 ut
481 1529 544 1582 inde
562 1528 595 1582 ab
615 1547 667 1580 uno
684 1530 797 1584 alterove
814 1529 955 1582 comraode
978 1547 1023 1582 oe-
1087 1525 1268 1588 retraendum,
1298 1529 1373 1594 cujus
1395 1535 1516 1580 naturum
1542 1527 1605 1584 haec
1623 1542 1764 1599 aequaeua
1780 1527 1804 1602 5.
1827 1545 1849 1586 1.

255 1615 346 1685 enpari
371 1622 498 1684 nequeat,
526 1615 687 1684 insuperque
710 1613 861 1682 subjeetum
886 1612 975 1664 laaliile
991 1612 1024 1664 ad

254 1701 454 1769 pmreeeionam
477 1699 523 1753 bie
542 1695 665 1763 debriat,
686 1699 748 1750 dnm
767 1697 897 1750 fluctibus
910 1699 1024 1768 impera·

256 1803 287 1838 re
306 1801 385 1840 nenio
402 1795 506 1857 potest,
526 1803 575 1840 neo
593 1786 724 1840 terminon
742 1786 771 1836 in
797 1785 856 1856 ipro
874 1784 941 1838 mari
965 1803 1026 1840 eon·

255 1874 374 1928 stituere:
394 1891 449 1926 non
469 1882 556 1925 tamen
576 1871 639 1925 ltaee
658 1869 714 1942 ipra
727 1871 793 1924 satia
804 1870 890 1924 ualida
902 1886 950 1940 pro
962 1889 1025 1924 mn-

258 1957 339 2010 traria
355 1955 488 2027 opinione
502 1965 565 2008 aaut
582 1965 744 2024 argumenta.
762 1951 830 2006 Nam
850 1954 1024 2008 1111111111ςὶ-

255 2057 297 2094 nta
310 2053 387 2111 regna
401 2041 523 2111 oeeuprri
540 2039 696 2110 potniaeent,
709 2037 732 2089 ai
746 2037 790 2089 illa
805 2037 873 2090 ratio
885 2037 1026 2106 quadraret

253 2123 365 2190 ubiuis,
378 2124 450 2193 quod
466 2119 591 2193 pturtbur
609 2119 768 2173 bominibna
787 2119 847 2174 talia
866 2137 946 2188 regna
965 2121 1020 2174 aul·

253 2206 335 2262 licere
354 2208 512 2280 potuissem.
532 2207 585 2262 Sed
603 2206 706 2260 dixeris
723 2204 829 2270 ioreau,
849 2206 961 2259 multum
981 2207 1022 2258 in·

251 2305 347 2359 temet,
366 2307 399 2349 art
418 2293 451 2346 de
475 2302 561 2347 traetu
580 2301 668 2346 terrae
685 2307 825 2363 qutaeram,
838 2309 871 2344 au
885 2292 917 2344 de
931 2292 1022 2347 ratur-

252 2377 328 2430 aimo
345 2378 446 2449 pelato.
467 2377 513 2432 Aet
529 2373 631 2449 parum*
640 2375 782 2441 intererit,
796 2375 819 2428 ai
833 2377 962 2429 rationem
975 2395 1023 2447 op·

253 2459 366 2530 potitam
386 2459 528 2527 attendae,
546 2460 610 2530 quia
630 2469 656 2513 et
674 2459 704 2513 in
722 2471 789 2514 terra
809 2459 927 2529 aepuaiie
944 2457 1021 2514 eald·

250 2543 351 2596 eieutir
383 2543 412 2595 in
435 2544 547 2611 gratiam
577 2545 699 2598 omnium
729 2543 867 2598 bominum
894 2551 1022 2598 enatura

251 2628 418 2694 eonatituta,
451 2629 575 2699 oneupari
602 2639 691 2682 tamen
717 2627 817 2700 potuit.
840 2625 896 2680 lieo
917 2629 1022 2682 vortitur

250 2712 348 2765 Oeeani
371 2711 434 2764 aola
470 2709 659 2781 refragabitur:
689 2711 784 2765 Fateor
814 2711 922 2782 quidem
951 2729 1022 2765 eam-

253 2797 314 2848 dem
335 2795 409 2848 baud
428 2796 505 2852 laeile
521 2797 652 2852 actualem
669 2796 869 2868 occupationem
887 2797 1019 2851 admiran-

252 2895 317 2932 ram.
339 2880 370 2934 Si
389 2880 462 2936 idem
484 2882 519 2936 de
534 2892 603 2937 terra
623 2881 766 2935 laetanti-e
779 2880 946 2942 looodirero,
958 2880 1021 2932 haee

254 2965 329 3017 euim
353 2966 436 3038 etiam
455 2965 488 3018 ab
507 2981 559 3019 uno
578 2964 710 3036 poaridori
730 2977 784 3017 non
802 2964 914 3034 poterit,
935 2975 963 3018 ut
981 2973 1018 3017 ta·

253 3065 330 3103 ceam
349 3044 420 3104 rar'ia
440 3059 525 3104 terrae
544 3049 599 3104 loca
619 3051 691 3114 dari,
709 3047 961 3121 qaueadhueltodie
973 3065 1022 3119 pro

253 3137 380 3204 liteultia,
403 3145 430 3190 et
459 3135 576 3190 nondum
601 3135 733 3206 poraeane
760 3142 931 3205 mpetratum
958 3134 1021 3188 iude

252 3217 337 3275 turneb
358 3222 429 3276 male
448 3219 580 3283 insertur,
596 3235 658 3290 ergo
677 3229 744 3273 terra
756 3220 935 3289 pmaeaeionia
948 3219 1020 3270 inea·

250 3321 301 3377 pax
319 3317 373 3372 eet,
392 3304 461 3376 quod
481 3304 513 3358 ad
533 3315 606 3358 mare
623 3311 726 3374 quoque
749 3301 820 3358 laeili
844 3304 948 3372 negotio
973 3323 1020 3374 ap·

253 3391 373 3460 plicatur.
392 3389 448 3443 Nee
461 3389 574 3442 ulterior
585 3386 700 3441 obstabit
712 3386 886 3440 terminorum
898 3384 1020 3440 finalium

253 3471 399 3538 delectur,
417 3473 463 3544 qui
484 3473 512 3524 iu
532 3470 599 3525 mari
619 3470 743 3524 ooortitui
763 3475 816 3524 uon
836 3480 969 3540 puerunt,
995 3479 1022 3524 ut

250 3577 280 3610 ea
298 3567 407 3630 propter
423 3567 548 3629 quantum
566 3561 693 3630 uajurque
711 3559 766 3621 ait,
781 3573 834 3611 non
848 3567 940 3630 pateat.
950 3557 1016 3613 Nam

252 3657 300 3696 nee
317 3644 368 3696 boc
387 3641 453 3695 adeo
465 3640 590 3712 ammte,
605 3643 734 3696 terminos
746 3643 817 3696 euim
833 3642 941 3695 inmari
962 3660 1021 3714 poa·

250 3746 279 3782 ee
297 3729 440 3792 constitui,
461 3737 485 3780 et
506 3729 557 3796 iam
575 3727 677 3798 aliquot
696 3728 854 3781 nonatitutoa
875 3743 1020 3790 rereman-

250 3813 301 3878 tie,
321 3823 346 3866 et
363 3811 518 3882 geographir
538 3811 711 3864 notissimum
726 3821 778 3874 eat,
796 3827 930 3881 nunqmm
948 3813 1020 3864 euim

250 3895 282 3947 ad
302 3906 408 3966 portum
428 3894 600 3966 peruenirent
619 3903 727 3957 nautae,
745 3895 768 3946 ai
788 3913 839 3966 qno
861 3897 917 3948 loco
937 3897 1018 3948 maria

251 3973 327 4044 rint,
352 3997 404 4034 mm
433 3980 560 4035 sciverint
578 3990 679 4034 eraete.
699 3979 772 4033 Patet
790 3982 839 4034 boc
859 3997 891 4033 er
910 3997 1016 4032 accura-

252 4064 367 4117 tissimis
392 4063 448 4119 illia
473 4063 695 4136 llydmgrapbiie,
723 4081 835 4134 quarum
861 4064 1017 4134 Hispania,

255 4149 369 4218 Augila,
388 4159 414 4202 et
433 4149 576 4204 Hellandia
595 4165 664 4219 pene
682 4149 776 4202 mutua
790 4148 880 4210 norit,
894 4149 1019 4218 ubiqnae·

249 4235 291 4288 rie
310 4233 423 4288 marium
443 4237 498 4288 loca
517 4233 658 4288 manifesto
676 4233 741 4286 satir
760 4229 863 4284 ridebis
883 4231 1018 4286 distincta.

252 4319 387 4374 Caeterum
407 4319 505 4390 quibua
523 4318 650 4372 remediis
669 4317 772 4371 limitat
790 4315 819 4368 in
838 4315 907 4370 mari
921 4316 1020 4368 conati·

182 4401 185 4406 '
204 4408 207 4420 ’
251 4405 290 4456 tui
311 4405 416 4475 posaiatt
437 4402 499 4458 Vid.
518 4423 562 4472 up·
579 4403 641 4458 soh.
655 4399 797 4456 seldenum
810 4400 845 4454 rie
858 4399 936 4454 Mari
944 4399 1018 4454 eluu-

253 4508 283 4544 ro
302 4509 361 4563 cup.
383 4499 426 4542 11.
446 4489 488 4543 lle
504 4491 564 4560 jure
581 4487 751 4546 Juetiniaueo
769 4484 898 4540 eontraria
913 4493 1019 4540 senten-

1088 1608 1181 1664 Iastit.
1200 1609 1233 1662 de
1250 1626 1303 1664 rer.
1321 1608 1398 1663 dian.
1414 1623 1438 1666 et
1454 1613 1517 1668 licet
1536 1615 1618 1666 maria
1635 1631 1713 1668 urum
1732 1629 1851 1672 eommu-

1087 1709 1153 1748 atm
1171 1695 1301 1748 omuibus
1315 1695 1470 1749 boratinibue
1486 1714 1557 1760 ease,
1574 1708 1603 1750 ut
1621 1698 1690 1753 aeria
1707 1696 1850 1768 affirmet,

1075 1790 1167 1832 tamen
1188 1789 1297 1834 eateuua
1314 1799 1404 1834 term
1421 1796 1479 1836 erre
1499 1784 1849 1854 interpretatatum-tanae

1075 1883 1105 1918 eo
1124 1883 1184 1919 uaua
1214 1867 1363 1920 communia
1382 1885 1435 1921 non
1454 1867 1608 1938 impeditur·
1627 1867 1746 1938 dlx-quo*
1761 1869 1851 1939 itaque

1075 1952 1156 2005 maria
1177 1954 1238 2006 urai
1261 1953 1355 2006 modua
1377 1952 1548 2025 praefigitur,
1561 1953 1660 2008 exinde
1673 1965 1783 2027 rppaeet
1795 1955 1849 2008 im-

1075 2038 1145 2108 perii
1170 2039 1319 2092 marittimi
1342 2041 1424 2104 ratio,
1444 2039 1507 2094 iacit
1522 2041 1540 2092 l.
1563 2039 1654 2110 tuffi
1669 2042 1707 2096 de
1731 2057 1783 2094 rar.
1806 2041 1847 2095 di·

1074 2123 1124 2177 aia
1147 2123 1168 2175 l.
1193 2135 1234 2176 tt.
1245 2123 1286 2194 ff
1303 2127 1337 2178 de
1350 2127 1437 2197 judic.
1455 2128 1467 2181 l
1493 2125 1582 2196 ruff.
1597 2127 1757 2184 (ieronimi
1770 2141 1848 2198 ampt.

1074 2205 1092 2257 l.
1112 2205 1207 2275 ruff.
1227 2209 1262 2260 tie
1279 2227 1354 2279 acpr.
1372 2208 1447 2263 dom.
1474 2209 1527 2264 tttt
1553 2210 1687 2265 (lemnum
1714 2213 1849 2282 praetoria

1073 2289 1248 2347 intervenire
1279 2293 1369 2352 «tebet.
1390 2296 1541 2365 priusquam
1561 2296 1590 2346 in
1609 2297 1676 2349 mari
1694 2293 1849 2352 notificetur

1074 2377 1095 2430 t,
1114 2387 1141 2427 1.
1150 2376 1194 2448 ff.
1215 2380 1251 2434 de
1269 2381 1302 2432 L.
1321 2379 1409 2434 atad.
1422 2379 1457 2432 aie
1467 2381 1545 2449 jactu
1558 2379 1636 2434 (ἔοικ’.
1648 2381 1705 2434 tto,
1716 2383 1848 2436 btruriur.

1073 2479 1165 2515 exem.
1182 2475 1205 2516 1.
1224 2463 1247 2514 θ.
1278 2475 1321 2514 tu.
1339 2474 1366 2517 et
1379 2476 1468 2518 merc.
1496 2473 1537 2518 at.
1561 2461 1592 2517 n'
1613 2477 1655 2518 to.
1675 2467 1796 2520 strauit.
1816 2467 1849 2522 de

1072 2545 1194 2616 imperio
1215 2547 1353 2602 uterino.
1374 2559 1397 2599 1.
1416 2549 1434 2598 l.
1457 2547 1529 2600 artie.
1555 2549 1584 2602 Ca
1606 2548 1647 2602 de·
1662 2549 1795 2606 claretur
1824 2563 1870 2604 et*

1072 2627 1145 2682 idida
1155 2649 1191 2682 m.
1221 2630 1333 2698 Magnis.
1360 2633 1411 2684 na.
1431 2631 1533 2684 Βτυιιιι.
1552 2633 1609 2685 111111
1627 2633 1678 2688 beo
1697 2637 1848 2705 imperator

1071 2715 1295 2768 uammunionem
1329 2716 1411 2769 maria
1434 2717 1696 2774 euatulieee·aidetar
1714 2723 1782 2775 Noa.
1805 2733 1847 2776 tt.

1072 2800 1166 2854 Aaou.
1187 2801 1319 2869 It'uaigiu.
1332 2803 1364 2856 C.
1381 2799 1414 2854 de
1421 2797 1498 2870 sart.
1512 2801 1579 2854 lade
1590 2801 1777 2858 DuaVenetua
1787 2824 1850 2878 quo·

1074 2889 1164 2937 tannia
1188 2884 1222 2936 in
1239 2883 1304 2938 leuto
1332 2885 1500 2938 decentioris
1517 2885 1621 2940 Cbriati
1632 2885 1685 2942 duo
1696 2889 1741 2942 illa
1753 2893 1847 2944 nantel·

1070 2966 1095 3020 la
1119 2971 1158 3027 ad
1179 2969 1326 3038 inprenunt
1346 2969 1421 3023 sinui
1437 2969 1489 3022 ribi
1510 2971 1623 3026 inuicem
1634 2973 1757 3044 opposita
1771 2975 1848 3045 prae·

1070 3063 1205 3106 terrentur
1225 3052 1402 3118 itacentamo,
1421 3055 1547 3108 arinulum
1566 3057 1595 3108 in
1609 3073 1682 3109 mare
1693 3060 1804 3128 projicit
1817 3061 1847 3113 in

1073 3149 1258 3206 argutiaenttrm
1278 3137 1480 3204 dominationis,
1499 3157 1577 3210 quam
1597 3141 1645 3194 bae
1663 3145 1741 3197 arrha
1762 3143 1844 3199 Sena·

1072 3235 1119 3278 tua
1141 3225 1260 3276 Venetus
1279 3221 1330 3275 eibi
1352 3223 1510 3294 despondet.
1521 3226 1661 3296 originem
1679 3232 1862 3284 eernuoniae

1072 3306 1192 3362 referunt
1208 3306 1242 3360 ad
1262 3309 1437 3360 diruerit-um
1452 3309 1498 3362 lll.
1513 3306 1685 3375 tantumn,
1698 3316 1742 3366 eui
1755 3315 1838 3368 etiam

1073 3393 1218 3462 imperium
1248 3393 1330 3446 attaris
1354 3391 1451 3446 debere
1476 3392 1600 3448 latentur.
1624 3395 1745 3468 Namque
1773 3399 1843 3454 bello
1884 3415 1914 3457 tu

1071 3477 1142 3528 inter
1161 3475 1247 3540 buno,
1267 3487 1294 3529 et
1312 3478 1350 3528 Μ.
1364 3477 1507 3540 Othonem,
1521 3477 1656 3531 Frideriei
1670 3480 1844 3538 Ahenobarbi

1071 3557 1158 3614 lulium
1174 3597 1181 3624 ,
1199 3570 1313 3625 eaurto,
1333 3561 1445 3616 Othonia
1464 3561 1556 3632 ooplae
1574 3563 1603 3616 in
1621 3579 1713 3633 agnam
1729 3567 1844 3623 dierun-

1072 3646 1116 3698 dri
1138 3641 1276 3698 Pontilieia
1290 3643 1388 3698 effusae
1400 3645 1539 3712 disiectum
1554 3645 1592 3700 ita
1605 3658 1767 3706 oonaoetatae
1781 3664 1845 3708 aunt

1072 3727 1150 3782 atad
1174 3731 1288 3782 vmetoe
1307 3728 1446 3798 perfugere
1463 3739 1564 3783 ooaeuu
1589 3728 1673 3784 inerit
1696 3733 1842 3802 Pontifex,

1072 3811 1117 3866 ulti
1138 3812 1165 3864 iu
1192 3813 1353 3866 monasterio
1383 3813 1548 3880 citaritatir,
1574 3833 1656 3885 qaum
1686 3817 1844 3888 aliquandiu

1071 3897 1174 3964 ignotae
1195 3895 1338 3960 latitasset,
1361 3897 1467 3951 trntlem
1487 3899 1596 3966 agnitu,
1616 3902 1747 3974 multaque
1760 3903 1792 3958 ab
1805 3905 1842 3959 tte

1070 3980 1195 4033 eomitate
1214 3981 1300 4044 mtto,
1320 3989 1348 4032 et
1366 3979 1429 4033 inde
1447 3974 1538 4036 educto
1557 3999 1610 4035 nou
1626 3986 1710 4038 tolum
1724 3986 1843 4058 perfugi·

1070 4079 1132 4127 um,
1152 4065 1198 4117 red
1217 4065 1299 4118 etiam
1318 4064 1469 4118 eubaidium
1484 4065 1556 4119 lerre
1567 4067 1758 4136 prominerunt.
1772 4071 1843 4126 Con·

1070 4163 1174 4217 greaeue
1206 4149 1290 4217 igitur
1321 4149 1394 4204 otta>
1414 4167 1475 4202 cura
1496 4149 1606 4204 Venetia
1633 4153 1733 4222 praelio
1753 4159 1842 4212 natali

1072 4229 1214 4294 tunditur,
1233 4241 1262 4283 et
1279 4240 1388 4301 mptua,
1406 4246 1545 4302 rectorque
1571 4235 1698 4289 Venetiae
1721 4240 1842 4297 traditur

1073 4311 1209 4368 Pontibei.
1228 4313 1304 4367 'lune
1323 4313 1384 4366 ‹luei
1404 4317 1569 4370 Venetorum
1591 4317 1748 4375 Sebastiano
1774 4323 1839 4379 zta-

1070 4417 1106 4454 no
1126 4399 1249 4453 l’outilea
1267 4401 1394 4452 annumm
1414 4397 1499 4468 digito
1518 4417 1565 4453 ano
1589 4400 1733 4458 detractum
1760 4406 1839 4462 obtu-

1070 4485 1120 4538 ttt:
1141 4483 1247 4536 dimna:
1272 4481 1444 4536 Arctorum
1470 4499 1531 4536 mea
1551 4483 1604 4537 doe
1627 4485 1840 4556 anaulesntur
1867 4493 1870 4499 '

251 4573 288 4627 tia
307 4571 476 4643 probabilior
493 4571 597 4628 ridetur
622 4570 634 4641 (
647 4571 725 4627 modo
744 4569 784 4622 saa
811 4565 893 4620 luerit
915 4575 1018 4621 oontro·
1076 4568 1214 4620 Ooeaauta
1228 4565 1279 4619 ridi
1287 4563 1424 4635 subjicies,
1437 4575 1540 4638 etpuot
1553 4567 1637 4623 annai
1648 4569 1700 4624 atta·
1709 4575 1839 4642 porteris.

253 4657 351 4711 teraiaa
370 4657 438 4726 iuria
457 4655 578 4726 gentium
598 4656 662 4710 inde
680 4665 708 4710 nt
725 4671 757 4708 er
777 4650 913 4706 inlellibili
940 4652 1018 4720 prin·
1071 4667 1123 4720 que
1135 4669 1168 4703 eu
1181 4649 1238 4714 die,
1250 4667 1305 4723 pao
1324 4645 1398 4703 tata
1415 4647 1568 4703 Victoriam
1578 4659 1630 4720 pro
1641 4652 1783 4710 &ahake
1796 4657 1841 4712 de.

248 4740 320 4810 cipio
337 4739 549 4812 determinatae)
567 4741 613 4794 nbi
632 4755 703 4794 mare
722 4739 794 4792 inter
811 4753 853 4790 rea
866 4737 926 4805 jure
940 4745 1018 4788 natu·
1060 4733 1200 4805 firmiore
1211 4733 1365 4798 obtinuisti,
1387 4731 1564 4805 derponeadir
1583 4753 1676 4803 mare,
1695 4739 1736 4794 uti
1751 4741 1843 4797 ratane

251 4825 301 4878 rali
320 4823 436 4893 eujuaaia
455 4825 514 4878 usui
532 4823 667 4896 expositae
684 4821 818 4883 relerturt
835 4822 958 4874 Attamen
968 4837 1019 4874 nee
1071 4835 1185 4885 omnes,
1199 4819 1287 4874 marie
1299 4817 1351 4871 tibi
1360 4817 1524 4874 Dominiam
1535 4835 1693 4876 manentum
1701 4861 1709 4888 ,
1720 4825 1785 4894 puin
1796 4843 1839 4881 re·

250 4909 342 4964 eodem
364 4910 421 4976 iure
438 4911 518 4964 maria
538 4919 661 4964 naturam
679 4921 840 4980 repugnare,
854 4919 905 4976 quo
919 4905 947 4958 in
960 4919 1017 4956 αι·-
1069 4903 1114 4958 dir
1127 4903 1310 4974 Apostoliene
1328 4903 1448 4958 tuendae
1458 4918 1553 4960 numm
1559 4944 1568 4971 ,
1579 4915 1606 4959 et
1616 4907 1736 4963 studium
1744 4905 1843 4978 settei-

248 4996 285 5046 tis
316 4993 440 5066 partibus
465 4995 589 5068 oeeupari
615 4995 712 5065 poerit:
738 4992 877 5065 probabile
905 4989 1020 5044 ridetur.
1069 4987 1446 5058 teramepirtitditloctidi
1459 4987 1541 5058 quari
1556 4989 1656 5061 pignus
1672 4991 1841 5048 benedictio·

247 5080 377 5135 Probatur
396 5081 425 5134 id
443 5099 492 5152 per
508 5079 532 5153 5.
555 5093 578 5136 t.
600 5085 667 5135 lma
682 5079 714 5134 de
727 5097 780 5134 rer.
793 5081 873 5136 diuis.
886 5079 940 5134 t'bt
953 5096 1017 5132 usus
1071 5076 1132 5140 rtis,
1153 5085 1181 5129 et
1195 5075 1333 5130 secandae
1351 5074 1435 5128 eorm
1452 5074 1480 5127 irt
1492 5072 1635 5144 saturum.
1658 5075 1757 5132 Narrat
1778 5077 1843 5133 haee

247 5165 385 5230 littorum,
409 5173 435 5218 et
454 5168 536 5219 maria
554 5165 683 5218 areentur
707 5181 764 5218 eaae
787 5166 922 5235 publicae,
947 5161 1017 5217 nihil
1069 5160 1283 5214 Villamontanna
1310 5161 1328 5212 l.
1350 5169 1371 5212 t.
1388 5157 1522 5228 peregriua·
1542 5177 1594 5217 aun
1615 5161 1645 5216 C·
1661 5172 1702 5216 11.
1714 5179 1791 5233 quem
1805 5165 1842 5215 ci·

249 5263 333 5304 autem
353 5251 424 5304 aliud
444 5259 486 5304 eet
503 5249 654 5321 publicum.
672 5267 749 5319 quam
768 5250 836 5320 quod
856 5250 949 5320 populi
965 5249 1016 5304 lio·
1067 5256 1105 5299 tut
1122 5245 1206 5298 ilenr-
1226 5243 1340 5298 Kormu.
1359 5253 1437 5297 treet.
1451 5244 1484 5298 da
1497 5245 1600 5316 triplici
1611 5246 1797 5318 nnauiopart·
1813 5259 1837 5298 1.

188 5381 191 5386 .
249 5335 322 5388 mani
342 5345 395 5398 ert,
415 5335 443 5388 id
464 5353 538 5399 aero,
558 5333 628 5406 quod
647 5345 799 5404 aucupatum
821 5351 872 5388 aon
891 5345 940 5397 ert,
959 5351 1014 5387 ma·
1067 5347 1095 5382 n·
1112 5341 1152 5382 tt.
1436 5347 1439 5354 ¹

247 5419 473 5490 nrtnulliua,quo
483 5415 1014 5476 oullimatJuatiniauuelrirterbith·
1100 5413 1156 5468 Sub
1181 5414 1310 5486 Prinoipe
1340 5423 1463 5467 creantur
1491 5411 1661 5486 litagietntue
1686 5413 1837 5481 maritimi,
1880 5426 1907 5471 tt
