4482 6328
521 520 569 592 74³
981 505 1165 568 22222222.
1183 507 1250 560 222.
1269 507 1380 562 22222
1397 496 1445 562 2.’
1851 499 1900 582 ,54

455 617 514 670 p„
526 607 656 666 „fimi
668 599 764 674 possit,
775 597 810 652 nti
822 597 902 658 bene,
912 599 1027 666 quamvis
1039 602 1090 653 2122
1108 617 1182 660 casn,
1232 610 1315 662 22222,
1327 601 1509 670 quaesivissem
1523 587 1645 670 Quemvis
1662 603 1731 658 enim
1750 605 1883 676 stipulatio
1894 626 1964 678 repn-

454 693 658 770 bquitverCtm
672 687 763 740 Paulus
775 683 804 734 iu
820 680 882 735 tsi
894 691 971 747 puter
989 692 1029 734 st.
1047 682 1133 752 infin.
1141 681 1181 751 Ι
1231 683 1322 735 1221222
1339 683 1371 735 ad
1388 683 1508 736 haeredes
1525 694 1651 750 transeut,
1668 705 1716 757 per
1731 688 1749 738 l.
1768 690 1870 742 Veteris
1885 701 1922 742 22.
1934 694 1966 745 C.

456 784 490 838 33
499 784 592 836 dmg
603 765 786 842 Quemits
796 765 863 828 sint,
874 761 942 814 hand
953 763 1088 816 immerito
1097 775 1181 834 posto-
1231 765 1264 818 de
1282 767 1403 819 control.
1420 766 1512 835 Stipul.
1531 769 1627 820 1222222
1644 778 1731 823 tamen
1750 769 1818 824 dicto
1835 785 1893 824 2222
1910 781 1969 842 post

453 857 639 920 222.,22222222
654 857 816 922 prospectum
835 843 887 896 luit
904 845 934 896 22
954 845 1076 900 ordinat.
1087 845 1185 901 Consi-
1233 855 1342 900 mortem
1360 849 1488 918 petendo,
1499 851 1648 922 exceptione
1658 853 1727 923 pecti
1739 853 1935 908 submovebitur.
1946 861 1967 915 §.

454 958 519 1002 μω,
538 937 639 996 12222.
655 935 688 986 222
705 933 789 984 Λ222
809 939 882 980 tert·
899 927 939 978 222.
961 931 1021 982 Vovs
1039 928 1183 981 Pmiicn
1235 932 1294 982 s.1.
1308 929 1341 981 de
1363 933 1394 984 V.
1416 931 1446 982 0.
1464 933 1482 984 l.
1502 943 1544 984 22.
1563 940 1584 996 ς.
1604 943 1626 985 2.
1634 932 1676 1001 Ι.
1693 936 1836 1004 22222222
1853 937 1916 1006 legis
1928 954 1968 989 rs-

453 1030 510 1086 2222
529 1026 693 1086 Vencrgung
702 1015 750 1067 der
757 1013 828 1066 alten
846 1010 1043 1078 gebreclalielaen
1061 1010 1185 1078 Psarrer.
1234 1011 1316 1064 tiones
1326 1013 1429 1084 prolixe
1439 1010 1552 1068 deducit.
1564 1017 1632 1084 ling.
1644 1015 1744 1072 1222211.
1763 1017 1800 1071 od
1817 1019 1842 1070 d.
1860 1027 1881 1082 ς.
1901 1029 1925 1070 2.
1942 1039 1969 1073 22.

453 1115 486 1166 2η
497 1126 546 1178 qun
563 1107 710 1156 1222222222
726 1097 787 1148 meo
803 1095 835 1146 sd
846 1093 1019 1164 provisionem
1038 1093 1185 1160 hujusmodi
1237 1107 1260 1147 2.
1278 1107 1304 1150 22
1324 1108 1346 1149 2.
1358 1097 1408 1168 (2.)
1420 1097 1487 1167 Quis
1505 1099 1568 1154 12222
1587 1100 1701 1172 provisio
1713 1101 1742 1152 in
1754 1103 1870 1171 singulos
1886 1099 1968 1156 222222
2004 1112 2037 1154 22

454 1188 659 1244 matitunum
677 1179 840 1248 requiruntur
857 1175 908 1244 (2)
925 1176 959 1228 Ut
975 1177 1015 1228 vel
1033 1177 1129 1240 Senio,
1146 1178 1187 1230 vel
1236 1181 1378 1249 promisse,
1394 1180 1710 1237 Joelerla‘edenauseiner
1723 1185 1972 1256 Unterdoltung,nt

453 1271 504 1322 ,tis
521 1259 796 1333 corporislnfirmitste
813 1253 1188 1328 impeditns3officiosmplius
1237 1261 1333 1314 12212222
1347 1263 1425 1315 222122
1444 1261 1566 1316 ordinat.
1583 1264 1727 1319 6222222222.
1744 1269 1801 1320 lem
1829 1283 1889 1320 vero
1905 1266 1973 1336 quod

454 1364 588 1420 superesse
598 1362 648 1398 nou
660 1345 750 1414 possit.
761 1341 813 1412 (2.)
823 1343 860 1393 122
869 1341 895 1393 in
906 1357 936 1392 22
948 1341 1002 1393 1222
1020 1341 1088 1394 ultra
1100 1339 1188 1392 decem
1237 1342 1267 1396 iu
1286 1345 1399 1412 singulos
1414 1361 1495 1398 22222
1513 1345 1591 1400 elicui
1608 1363 1770 1412 concessum,
1788 1349 1862 1418 plura
1886 1347 1974 1401 21222222

454 1450 536 1487 moos
548 1433 577 1483 in
595 1428 741 1482 ministerio
751 1424 863 1482 1121212222
873 1425 952 1479 inerit
962 1435 1084 1479 22222222.
1096 1423 1191 1496 (2.)222
1242 1427 1367 1488 continete
1385 1425 1466 1496 primi
1481 1425 1587 1496 quidem
1603 1429 1666 1480 anni
1689 1447 1797 1500 purum,
1816 1429 1974 1500 sequentium

454 1513 681 1586 ipseobinopism
693 1527 720 1563 se
738 1519 877 1564 sustentare
894 1525 947 1559 uon
960 1508 1059 1576 possit;
1071 1509 1190 1576 Quoties·
1240 1527 1300 1564 vem
1308 1508 1511 1561 conditionatum
1523 1551 1530 1576 ,
1541 1527 1599 1562 eum
1611 1511 1678 1563 insit
1690 1513 1751 1564 haec
1760 1513 1889 1576 conditio,
1902 1512 1926 1565 si
1936 1511 1975 1565 22-

454 1614 562 1668 222222
577 1596 647 1648 enim
665 1594 724 1664 ipse
741 1604 839 1646 tantum
857 1591 947 1656 1222222,
965 1592 1037 1644 nude
1054 1593 1190 1645 commode
1242 1599 1297 1651 vst3
1311 1591 1381 1643 11222
1396 1609 1428 1644 22
1445 1601 1546 1644 mortuo
1564 1593 1678 1664 expirat,
1698 1606 1721 1648 22
1737 1594 1768 1647 sd
1786 1595 1907 1648 haeredes
1924 1611 1977 1646 non

456 1684 539 1737 vivere
549 1681 647 1752 possit,
658 1679 805 1750 provisione
814 1678 861 1731 1222
870 1695 922 1729 non
934 1678 986 1730 erit
996 1693 1076 1747 opus,
1087 1680 1155 1748 quod
1166 1688 1194 1732 et
1244 1675 1339 1726 2222222
1349 1691 1396 1742 per
1405 1675 1422 1726 l.
1441 1677 1474 1728 Si
1487 1675 1516 1728 222
1533 1673 1660 1745 singulos.
1680 1687 1704 1727 2.
1707 1673 1747 1746 Ι
1757 1678 1789 1730 222
1801 1679 1978 1746 Aumlegot.

456 1768 486 1819 in
508 1767 618 1821 Saxonis
638 1763 826 1833 comprobatum
846 1779 915 1824 2222,
934 1769 1042 1813 22222222
1069 1759 1189 1830 Cat-psov.
1243 1757 1260 1810 l.
1281 1769 1320 1810 22.
1330 1755 1370 1826 ff
1388 1757 1446 1810 eod.
1464 1760 1516 1830 (2)
1538 1760 1573 1811 Et
1592 1762 1710 1828 quemvis
1731 1762 1794 1812 hsce
1809 1762 1923 1832 provisio
1945 1759 1977 1811 sd
2012 1769 2044 1808 22

459 1847 610 1919 Juritprud.
621 1846 737 1901 0222222.
755 1845 799 1897 lib.
815 1856 836 1896 2.
849 1845 889 1895 222.
905 1854 944 1895 22.
959 1841 1011 1912 def
1033 1853 1090 1894 222.
1106 1861 1193 1913 qnnm·
1242 1839 1687 1910 1222211222221222222ς22222222222
1701 1845 1871 1913 largissimam
1884 1861 1979 1897 222222-

455 1950 531 2002 quam
542 1931 576 1984 212
586 1930 679 1984 merita
689 1931 735 1982 2222
745 1929 845 1997 egregie
857 1927 976 1998 superins
993 1925 1114 1990 adducta,
1126 1927 1195 1978 122222
1245 1936 1287 1978 222
1296 1925 1512 1996 explicationem
1525 1945 1573 1998 per
1581 1927 1599 1978 l.
1611 1929 1756 2000 Beneficio.
1776 1944 1800 1982 2.
1806 1927 1846 2000 Ι
1862 1931 1895 1982 de
1910 1930 1979 1981 Con-

458 2015 556 2083 lnjuste
566 2013 677 2067 iecerint
685 2010 796 2081 petroni,
804 2011 827 2063 si
837 2025 896 2077 erga
902 2019 1033 2078 pastorem
1046 2009 1193 2072 emeritum,
1244 2017 1278 2058 22.
1294 2007 1387 2062 Prisc.
1395 2007 1513 2060 Cesssbit
1523 2019 1607 2062 tamen
1620 2010 1682 2062 12222
1694 2011 1823 2063 extensive
1837 2009 1980 2080 explicatio,

457 2099 696 2167 etiamsiseipsum
705 2097 773 2146 22222
783 2093 868 2162 possit
876 2103 979 2160 gratum
990 2092 1106 2144 animum
1118 2107 1196 2161 opere
1243 2090 1451 2162 quotiescumque
1476 2092 1545 2144 tertii
1566 2091 1753 2163 praejudicium
1777 2093 1919 2155 ooncurrit,
1943 2089 1981 2144 sio

458 2185 518 2253 ipso
528 2190 708 2234 222222222222.
728 2173 850 2227 Pratum
868 2191 927 2242 ergo
939 2173 1072 2242 requisitis
1091 2190 1197 2226 222222-
1246 2173 1317 2226 enim
1332 2172 1424 2226 stricte
1434 2175 1523 2242 potius
1541 2176 1674 2245 privilegia
1692 2175 1846 2244 explicando
1862 2193 1912 2244 per
1927 2174 1944 2224 l.
1960 2183 1981 2226 2.

459 2266 592 2328 rentibus,
611 2260 705 2334 pastori
723 2258 830 2311 emerito
841 2269 926 2310 222222
936 2275 995 2328 pars
1008 2255 1154 2310 reddituum
1166 2274 1198 2310 ex
1248 2266 1269 2320 ς.
1280 2257 1311 2311 Si
1326 2256 1387 2327 quis
1399 2276 1417 2309 a
1433 2256 1553 2330 principe
1567 2271 1606 2311 22.
1615 2258 1655 2327 ff
1669 2261 1707 2313 Ne
1720 2257 1785 2330 quid
1800 2259 1828 2310 22
1846 2259 1896 2312 loe.
1908 2259 1982 2328 publ.

463 2349 585 2418 parochia
603 2339 829 2414 percipiendorum
846 2340 992 2408 assignetur
1009 2357 1055 2409 per
1077 2341 1198 2394 02222222.
1249 2339 1301 2394 vid.
1315 2345 1387 2394 zoes.
1401 2339 1479 2408 adff
1498 2341 1530 2394 ds
1551 2344 1642 2397 Conse.
1659 2345 1752 2396 Ptine.
1764 2361 1790 2394 2.
1804 2353 1845 2394 22.
1857 2341 1983 2392 22222222.

465 2430 613 2488 2322222222.
623 2429 650 2480 22.
660 2436 679 2478 2.
691 2433 712 2488 ς.
723 2430 758 2479 So
769 2422 914 2477 bedeiclen
926 2423 982 2479 nir.
992 2424 1050 2476 Jsrn
1061 2424 1199 2493 quoeritur,
1252 2423 1373 2475 02222222.
1394 2435 1468 2477 2222.
1481 2443 1507 2476 2.
1522 2433 1563 2476 22.
1578 2425 1702 2494 Alphons.
1715 2425 1837 2494 Villagut.
1856 2425 1942 2478 12222.
1954 2423 1986 2476 de

462 2537 495 2572 su
504 2533 586 2570 nunna
596 2513 689 2582 gratiae
700 2513 778 2562 etiam
790 2508 818 2560 in
830 2508 879 2560 1222
890 2509 1039 2577 provisione
1055 2510 1139 2560 locum
1152 2509 1199 2560 222-
1250 2505 1363 2560 Extens
1375 2511 1436 2578 leg.
1448 2509 1516 2563 2122.
1529 2510 1560 2562 de
1573 2510 1686 2562 1222222.
1700 2508 1826 2580 Pricileg.
1844 2527 1914 2562 2222.
1929 2518 1985 2559 222.

462 2604 537 2658 best:
547 2608 577 2651 22
586 2595 687 2650 scilicet
699 2590 818 2645 defuncto
828 2599 944 2660 pastore,
953 2591 1035 2643 adimo
1047 2608 1201 2660 perannum
1249 2592 1300 2644 llic
1313 2603 1397 2646 autem
1411 2593 1541 2646 concurrit
1554 2595 1602 2646 tale
1614 2593 1805 2664 praejudicium
1818 2594 1904 2659 tertii,
1914 2591 1985 2644 vide·

466 2687 530 2738 haec
540 2679 654 2751 provisio
664 2675 785 2728 debeatur
794 2672 884 2728 viduae
897 2674 936 2728 222
954 2674 1067 2726 liberis?
1077 2675 1202 2744 Quaestio
1223 2659 1230 2702 l
1249 2675 1312 2727 licet
1325 2673 1432 2727 Psrochi
1452 2676 1555 2728 interim
1575 2677 1601 2726 in
1614 2675 1718 2729 emeriti
1736 2677 1820 2728 locum
1838 2677 1986 2740 substituti,

467 2769 529 2820 haec
540 2761 624 2832 quosd
634 2759 738 2814 verbum
749 2758 778 2810 122
789 2756 951 2810 ordinatione
963 2757 1139 2810 consistoriali
1151 2774 1202 2810 uon
1252 2760 1297 2828 qui
1312 2757 1376 2811 22222
1387 2767 1504 2827 gravatus
1516 2759 1629 2822 videtur,
1648 2759 1716 2828 quod
1732 2761 1834 2815 vivente
1846 2768 1949 2828 pastore
1960 2776 1986 2812 e-

471 2849 563 2903 dooisn.
580 2844 651 2896 12222
668 2839 809 2895 redonibus
827 2838 990 2892 militsndum
1002 2838 1066 2903 erit;
1079 2839 1202 2893 Putamus
1252 2843 1347 2894 merito
1360 2853 1445 2895 222222
1464 2841 1551 2893 salarii
1564 2853 1635 2911 parte
1653 2843 1784 2912 privetur,
1798 2853 1828 2895 ut
1844 2860 1891 2912 per
1903 2859 1989 2894 conse-

466 2934 552 3001 itsque
568 2925 669 2983 veritsti
686 2921 884 2978 conformiorem
903 2923 1057 2978 sententiam
1075 2923 1204 2989 esse,Vi·
1252 2941 1333 2995 quens
1349 2927 1397 2978 1222
1414 2925 1447 2978 222
1463 2925 1565 2979 viduam
1584 2926 1693 2979 minime
1710 2925 1910 2980 extendendum.
1929 2925 1987 2976 1222-
2025 2935 2057 2978 ts

465 3014 529 3068 21222
541 3017 718 3083 postmortem
726 3005 816 3058 meriti
828 3005 893 3057 22222
905 3005 1078 3076 provisionem
1085 3022 1137 3058 non
1149 3023 1203 3058 am·
1253 3009 1334 3063 sentit
1346 3018 1430 3062 222222
1442 3009 1469 3060 in
1484 3008 1529 3060 ltsc
1540 3009 1684 3078 qusestionc
1702 3009 1752 3061 Dn.
1765 3009 1889 3080 Csrpauv·
1903 3008 1989 3062 Jnris·
2083 3049 2087 3056 .

466 3101 535 3172 plius
544 3094 641 3150 deberi.
660 3091 710 3164 (2.)
724 3091 792 3160 Quis
808 3091 837 3142 in
853 3091 1018 3145 ordinatione
1036 3092 1205 3148 consistorii.
1252 3095 1328 3165 prud.
1346 3093 1495 3148 0222222222.
1505 3092 1549 3144 222.
1566 3102 1586 3142 2.
1601 3091 1654 3161 des.
1670 3101 1725 3144 222.
1738 3091 1790 3145 Sed
1803 3093 1991 3158 rationesejus-

467 3193 488 3247 ς.
506 3188 543 3238 So
566 3179 715 3235 dedencken
732 3175 804 3238 wir,
824 3192 943 3245 expresso
970 3177 1114 3243 deciditur,
1136 3179 1204 3248 quod
1254 3179 1314 3232 dem
1329 3196 1378 3231 non
1391 3175 1452 3230 22122
1465 3175 1590 3244 stringere
1607 3174 1743 3239 videntur,
1755 3185 1783 3228 et
1799 3191 1830 3226 22
1849 3175 1990 3230 2222222222

471 3275 571 3320 tentum
582 3265 616 3315 sd
627 3261 685 3314 dies
704 3257 770 3310 22122
782 3259 879 3327 pestori
892 3258 1001 3310 emerito
1019 3257 1081 3310 12222
1092 3261 1206 3330 provisio
1254 3279 1300 3334 pro
1314 3271 1401 3315 nostra
1411 3259 1534 3330 opinione
1552 3259 1693 3330 propositis
1704 3257 1768 3309 elidi
1787 3257 1861 3312 222222
1873 3269 1992 3330 possunt,

468 3343 635 3408 concedenda,
647 3341 801 3395 Zeitseines
812 3341 921 3392 Ledeue·
935 3343 994 3392 Jsm
1005 3357 1065 3394 vero
1075 3343 1148 3394 Juris
1161 3359 1208 3394 no·
1254 3347 1315 3398 hinc
1327 3345 1429 3397 easdem
1441 3344 1507 3395 sieoo
1518 3343 1585 3412 pede
1596 3339 1776 3411 praeterimus.
1792 3343 1848 3396 Hoc
1859 3352 1941 3395 tanen
1955 3340 1991 3394 22-
2030 3352 2063 3394 22

472 3427 569 3483 tissimi
582 3435 637 3492 est,
651 3422 718 3493 quod
736 3439 856 3490 en,quue
872 3420 1014 3473 sdccrtnm
1033 3433 1134 3492 tempus
1144 3440 1205 3476 oon·
1245 3431 1306 3481 cile
1327 3427 1514 3490 concesserim,
1539 3443 1659 3494 magnum
1683 3425 1819 3493 aequitatis
1844 3440 1993 3480 concurrere

464 3530 549 3575 22222,
560 3512 631 3579 lapso
641 3516 757 3574 tempore
767 3513 918 3556 censeantur
935 3514 1065 3569 22222222,
1083 3521 1131 3574 per
1149 3507 1165 3557 2.
1178 3507 1211 3560 si
1255 3521 1429 3582 praetextum,
1447 3511 1493 3580 qui
1510 3519 1630 3580 patronos
1648 3525 1749 3563 movere
1768 3510 1865 3578 possit,
1882 3519 1911 3562 22
1926 3509 1995 3562 salvo

473 3613 541 3653 222222
555 3607 584 3648 22
589 3629 595 3644 .
608 3602 629 3656 ς.
645 3605 667 3644 t.
669 3585 709 3658 Ι
725 3591 758 3642 222
766 3598 836 3659 poet.
845 3587 879 3638 Et
889 3603 1042 3655 quemquam
1054 3587 1096 3639 his
1108 3589 1207 3655 verbis,
1255 3593 1365 3664 parochi
1381 3595 1446 3646 novi
1463 3593 1555 3647 2212222
1565 3591 1665 3662 aliquid
1677 3593 1852 3657 contribuunt,
1864 3607 1892 3643 ae
1909 3591 1945 3644 itu
1956 3591 1995 3643 vi-

472 3679 563 3751 22222
572 3675 660 3740 aicae,
673 3681 804 3741 respectus
816 3669 930 3722 familiae
941 3687 992 3722 non
1010 3670 1110 3724 escludi
1121 3672 1208 3726 rides·
1256 3677 1320 3729 duae
1331 3676 1446 3730 defuncti
1458 3675 1569 3748 pastoris
1580 3674 1697 3739 emeriti,
1709 3691 1773 3744 quse
1788 3689 1816 3726 22
1834 3675 1914 3744 ipsam
1926 3675 1994 3726 22222

476 3755 743 3826 2222222222,2212
756 3753 818 3805 hseo
830 3750 967 3820 explicatio
979 3769 1038 3804 cum
1051 3754 1209 3823 proprietste
1256 3775 1308 3812 non
1317 3758 1411 3828 possit,
1424 3757 1587 3821 subveniants
1600 3758 1656 3810 2222
1666 3755 1736 3808 enim
1749 3755 1853 3828 etpinm
1863 3767 1917 3823 est,
1930 3767 1955 3809 et
1964 3755 1995 3808 in

475 3845 612 3900 2221222222
634 3835 806 3894 ordinationis
825 3833 996 3887 consistorial.
1020 3847 1157 3904 pugnaret,
1180 3853 1210 3889 en
1257 3843 1318 3896 novi
1334 3842 1437 3912 parochi
1453 3841 1640 3912 praejudicium
1659 3840 1768 3892 minime
1793 3839 1890 3904 tendit,
1907 3847 1996 3909 utpote

475 3947 528 3984 non
538 3924 715 3988 admittendo·,
728 3918 865 3988 Privileqis
875 3919 946 3971 enim
957 3919 1021 3972 ultra
1032 3921 1210 3990 (222221222ιὶ-
1257 3927 1303 3996 qni
1316 3926 1353 3978 itn
1369 3925 1489 3978 salarium
1506 3923 1635 3994 integrum
1653 3924 1825 3993 consequitur.
1839 3921 1958 3990 Iniquum
1970 3941 1998 3974 e·

476 4009 668 4082 gnilicstiouem
686 4003 847 4058 extendentis
858 4019 910 4056 non
922 4013 994 4066 sunt,
1007 4005 1052 4054 secl
1063 4003 1210 4074 intelliges·
1256 4010 1312 4061 nim
1326 4008 1406 4073 foret,
1424 4010 1448 4060 ‚t
1460 4009 1562 4078 permut
1578 4009 1651 4060 omni
1668 4009 1770 4062 ,iaculo
1782 4003 1946 4060 summitti
1956 4007 1995 4056 22.

477 4096 509 4150 ds
523 4090 663 4147 2222221222
674 4086 856 4160 proprietatem
867 4083 1001 4139 verborum
1020 4085 1087 4138 inibi
1100 4084 1210 4138 inserto·
1259 4093 1322 4144 dnae
1332 4110 1359 4145 22
1371 4091 1492 4144 2212222222
1501 4091 1649 4144 existimare
1660 4091 1763 4157 22122222,
1775 4089 1842 4160 quod
1850 4091 1919 4141 22112
1930 4087 1997 4156 lege

475 4193 543 4230 nun.
557 4173 680 4245 Alphons·
691 4169 814 4237 Villassul·
828 4167 854 4217 T
851 4176 917 4220 mvl·
934 4168 966 4220 d0
985 4165 1099 4219 Em&
1112 4171 1211 4238 legum
1260 4176 1299 4229 221
1309 4173 1454 4228 consistorii
1462 4172 1625 4226 ordinatione
1634 4173 1666 4225 ad
1678 4174 1705 4225 id
1718 4173 1999 4246 eoinpellsntur.Quum

480 4258 636 4317 2222222222
653 4257 770 4309 22222222.
787 4249 912 4323 Privileg.
930 4268 956 4304 22.
976 4263 1017 4304 22.
1028 4249 1076 4320 (2.)
1086 4252 1211 4306 212222222-
1261 4259 1371 4310 maxime
1382 4257 1453 4309 enim
1463 4273 1524 4326 ergo
1536 4255 1625 4310 222222
1636 4255 1766 4324 ejusmodi
1783 4255 1999 4308 exerceudnlibe-

479 4361 527 4415 que
539 4338 807 4410 certsqosntitssper
823 4345 925 4406 pictum
942 4333 1069 4405 promissa
1084 4335 1177 4402 elicui,
1188 4349 1215 4392 22
1261 4343 1348 4396 2212222
1363 4351 1436 4408 2222,
1446 4357 1479 4394 22
1495 4341 1607 4394 naturali
1622 4340 1731 4410 quedem
1749 4329 1927 4404 inclinatione,
1941 4341 1998 4405 jure

478 4427 562 4500 quoad
577 4427 676 4481 viveret
693 4421 777 4476 eidem
795 4428 980 4491 pnestarctm,
991 4427 1072 4489 neque
1087 4422 1144 4488 jure
1160 4423 1212 4474 2122
1262 4426 1430 4480 d'visototies
1440 4425 1539 4494 quoties
1550 4417 1850 4494 222222222222222212222
1862 4439 1921 4476 vero
1932 4439 1999 4474 com-

475 4529 557 4584 neque
568 4510 696 4580 aequitate
704 4513 763 4578 post
774 4513 879 4556 monem
891 4501 941 4571 peti
952 4509 1046 4572 22022222
1059 4504 1132 4573 perl-
1144 4503 1212 4574 Epi·
1260 4511 1386 4584 pulsionis
1399 4525 1492 4580 expers
1502 4519 1553 4574 est,
1564 4519 1591 4560 et
1601 4527 1651 4577 quo
1663 4507 1751 4561 minus
1767 4507 1897 4578 quisquam
1909 4503 1941 4556 22
1952 4507 2000 4556 222-

476 4597 557 4650 22222.
578 4604 618 4646 22.
636 4585 771 4660 §.fin-ff·
789 4587 814 4638 d·
834 4582 1213 4638 2222222222221222112-
1261 4594 1324 4666 quid
1341 4591 1518 4665 praestandum
1542 4591 1683 4660 obligatur,
1700 4609 1731 4644 eo
1755 4591 1833 4660 magis
1852 4589 1955 4654 eadem,
1973 4589 2001 4640 si

478 4677 575 4731 222221.
595 4676 631 4729 od
648 4673 672 4726 d·
685 4670 764 4742 §.fito
775 4668 850 4738 Quu’d
861 4677 887 4718 22
897 4667 1028 4737 procedit,
1047 4667 1150 4720 etiamsi
1168 4683 1213 4737 per
1262 4684 1354 4748 ,ponte
1370 4675 1420 4729 (ω
1430 4685 1586 4746 pmpemr,
1601 4682 1745 4728 mmm.

483 4759 678 4834 stipulnticnem
695 4753 746 4809 sibi
758 4753 845 4808 decem
855 4765 943 4806 anreos
960 4767 1071 4825 222222,
1082 4749 1166 4822 quoad.
1175 4751 1213 4808 ,2.
