4424 6340
570 623 910 706 utseurxrto
935 627 1113 706 Parata
1138 625 1509 708 tenueramus

1006 798 1066 854 ur

349 943 1010 1064 auuaautauaortu
1053 912 1763 1068 aonauautortuat*

715 1161 764 1214 AD
784 1160 815 1214 1..
835 1173 881 1214 aa..
896 1159 1057 1216 AEMILIUS
1077 1159 1356 1215 nummolenus

788 1329 840 1370 ortt
871 1333 923 1371 11.
949 1328 1021 1370 ΜΠ
1045 1327 1128 1370 anno
1152 1329 1292 1373 HDCLXV.

871 1479 1196 1524 BBSPONBENTB

725 1609 990 1677 sxuuur.
1037 1606 1351 1696 santum,

640 1784 710 1841 SUB
741 1781 924 1840 eattstnto
955 1785 1014 1838 DN.
1046 1787 1082 1840 D.
1110 1785 1235 1840 roten.
1265 1785 1433 1844 uacuam.

788 1971 1285 2010 ψ

684 2165 704 2188 ”’
821 2155 1260 2230 FELICITER!

248 2237 489 2436 Augustum
504 2365 625 2410 nomen
639 2343 660 2409 J
663 2340 914 2434 urisprudentia
929 2351 978 2405 est
993 2363 1029 2405 ac
1045 2338 1216 2406 excellens.
1233 2341 1428 2434 Utrumque
1444 2341 1586 2432 duplici,
1611 2341 1743 2411 Obiecti
1768 2347 1819 2412 vi·-

248 2431 368 2503 delieet
391 2452 425 2500 et
448 2433 561 2516 Finis,
586 2435 723 2499 ratione.
748 2434 928 2501 Obiectum
951 2429 1194 2496 nobilissimum
1219 2445 1267 2497 est
1282 2434 1326 2499 oh
1350 2458 1443 2500 suam
1468 2433 1692 2502 latitudinem.
1719 2437 1817 2502 Diri-

247 2547 306 2590 nas
327 2525 419 2593 enim
443 2524 569 2614 pariter
592 2547 628 2590 ac
651 2523 812 2590 humanas
835 2546 885 2588 res
900 2519 1148 2610 comprehendit
1171 2522 1301 2588 ambitu
1314 2547 1373 2590 suo
1390 2524 1519 2590 laxiori.
1544 2523 1610 2590 Nec
1633 2523 1693 2590 hoc
1710 2543 1819 2592 tamen

246 2615 349 2680 otiosa
367 2615 554 2680 subtilitate
567 2613 696 2680 easdem
717 2611 984 2702 contemplando,
1009 2609 1063 2676 sed
1090 2613 1268 2704 justissima
1293 2615 1469 2706 aequitatis
1492 2616 1620 2681 trutina
1644 2616 1718 2682 illas
1742 2640 1820 2682 nor-

247 2705 381 2772 mando.
396 2704 494 2770 Finis
510 2702 590 2770 inde
605 2729 663 2770 sua
676 2703 752 2770 lluit
769 2723 895 2795 sponte.
914 2701 1052 2767 Etenim
1064 2700 1146 2768 dum
1161 2701 1182 2768 J
1186 2703 1433 2794 urisprudentia
1450 2703 1616 2772 obiectum
1641 2729 1739 2772 suarm
1763 2732 1817 2773 su·

247 2788 347 2882 bjicit
363 2793 516 2886 regulae,
533 2793 624 2860 illius
638 2795 782 2861 actiones
822 2793 972 2882 riucipiis
986 2793 1070 2884 juris
1087 2791 1201 2882 primis
1217 2793 1452 2861 conformando
1458 2846 1469 2876 ,
1483 2817 1550 2862 non
1565 2807 1670 2886 potest
1684 2819 1751 2862 non
1769 2821 1820 2862 sa-

248 2882 429 2950 luberrima
448 2881 628 2974 producere
644 2883 767 2950 effecta.
786 2819 869 2950 Iliade
886 2905 1068 2974 poenarum
1085 2895 1220 2972 propter
1235 2885 1404 2950 commissa
1420 2885 1537 2952 scelera
1552 2887 1723 2975 irrogatio,
1737 2886 1819 2953 iude

248 2975 473 3064 praemiorum
490 2985 625 3078 propter
641 2973 803 3041 virtutum
822 2975 939 3040 merita
956 2971 1166 3052 distributio,
1191 2972 1270 3038 inde
1286 2976 1470 3040 communis
1492 2975 1548 3041 illa
1571 2998 1607 3040 ac
1623 2975 1823 3042 universalis

248 3063 395 3167 justitiae
413 3063 670 3144 administratio,
684 3064 810 3132 Verbo:
828 3061 974 3130 SALUS
988 3061 1066 3127 inde
1079 3061 1385 3129 REIPUBLICAE.
1399 3063 1492 3132 Hanc
1505 3063 1597 3130 anim
1610 3064 1661 3132 rel
1674 3065 1819 3132 inarime

249 3153 431 3218 intendunt
448 3153 546 3219 Sacro
562 3151 676 3220 Sancti
695 3154 928 3246 Legislatores3
945 3153 1037 3218 Hauc
1053 3151 1200 3234 Judices,
1225 3151 1321 3218 llanc
1335 3153 1356 3218 J
1360 3153 1605 3222 ure-Consulti.
1629 3154 1682 3221 Illi
1708 3155 1745 3221 in
1771 3155 1818 3221 se—

249 3242 380 3328 rendis,
396 3243 458 3309 Isti
484 3243 521 3308 in
544 3243 766 3335 exequendis,
780 3243 825 3308 Hi
842 3245 877 3308 in
895 3241 1101 3334 applicandis
1114 3255 1146 3308 et
1170 3241 1354 3309 enodandis
1371 3246 1516 3338 Legibus
1538 3247 1700 3334 occupati.
1725 3243 1824 3310 Adeo

251 3354 363 3399 omnes
379 3331 526 3397 inlinem
543 3333 633 3401 hunc
656 3333 825 3400 collimant
848 3337 963 3414 unice,
987 3331 1175 3422 conspirant
1198 3333 1404 3416 harmonice,
1428 3349 1467 3402 ut
1492 3337 1543 3428 jus
1565 3338 1694 3428 quique
1718 3359 1818 3402 suum

251 3423 434 3488 tribuatur.
466 3421 556 3489 Hinc
578 3435 704 3489 tantam
730 3425 812 3516 juris
831 3425 933 3490 nostri
958 3420 1048 3488 rides
1071 3423 1303 3510 prolixitatem.
1333 3421 1476 3491 Causam
1505 3427 1560 3493 illa
1584 3450 1652 3494 nou
1672 3427 1817 3516 agnoscit

249 3512 366 3594 aliam,
380 3512 445 3578 nisi
462 3511 562 3593 hauc,
578 3525 617 3579 ut
635 3513 679 3578 ita
695 3515 827 3582 obviam
845 3515 885 3580 iri
902 3513 1001 3604 possit
1020 3524 1067 3576 tot
1080 3511 1272 3592 calumniis,
1289 3523 1336 3578 tot
1353 3513 1504 3596 fallaciis,
1520 3517 1597 3584 linis
1617 3519 1816 3608 persecutio-

248 3625 328 3670 nem
344 3601 615 3693 impedientibus.
633 3601 699 3668 Sed
711 3604 771 3670 hoc
786 3605 940 3670 Hominis
956 3604 1125 3696 negotium
1144 3625 1211 3668 nou
1227 3625 1310 3684 esse,
1326 3625 1458 3670 omnem
1475 3605 1527 3670 rel
1544 3605 1679 3671 fallendi
1701 3628 1818 3672 ansam

246 3693 490 3782 praescinderet
508 3693 557 3760 rel
575 3693 798 3760 universalem
812 3695 965 3773 modurn,
1007 3715 1050 3756 uo
1066 3694 1119 3783 jus
1135 3718 1176 3759 ex
1193 3717 1301 3784 aequo
1323 3694 1481 3762 omnibus
1547 3706 1610 3762 sset
1633 3696 1677 3760 im
1726 3696 1817 3780 rtiri,

246 3783 484 3876 praescribere,
500 3783 635 3875 agnovit
650 3785 719 3874 ipsa
735 3717 1176 3872 sacratissimuslmpcrator
1193 3783 1241 3851 L.
1269 3809 1299 3850 a.
1314 3783 1342 3872 Ξ.
1365 3785 1417 3849 ι8.
1436 3784 1474 3853 C.
1492 3718 1546 3852 Ξῖ)
1551 3784 1597 3854 V.
1611 3783 1645 3850 J.
1703 3833 1709 3847 .
1728 3783 1816 3855 Hinc

247 3892 362 3940 natura
380 3886 577 3965 properante
593 3897 721 3964 semper
736 3873 938 3942 uovasedere
948 3873 1152 3957 tormas,ett
1156 3873 1305 3940 odicium
1319 3873 1449 3965 aliquid
1459 3875 1633 3944 arbitratui
1646 3874 1764 3941 relictu
1771 3900 1815 3960 m,

247 3975 280 4029 et
295 3963 577 4033 Contrabentium
592 3987 728 4056 quoque
744 3964 891 4032 libertati
909 3977 1127 4054 prospectum.
1146 3962 1217 4030 Illis
1240 3963 1376 4056 quidem
1402 3978 1540 4056 potestas
1563 3987 1724 4046 concessa,
1751 3966 1819 4033 Le-

245 4076 339 4211 fiem,
355 4078 442 4146 quae
457 4053 500 4120 de
515 4077 589 4122 casu
605 4067 795 4146 emergente
809 4079 876 4122 non
893 4056 1015 4124 sancita
1030 4077 1197 4146 expresse,
1210 4054 1250 4120 ad
1267 4055 1385 4121 similia
1403 4074 1512 4124 tamen
1537 4053 1757 4138 extendendi,
1781 4069 1816 4123 et
1925 4067 1928 4074 ⁴

271 4145 334 4212 oci
376 4169 435 4210 um
474 4169 551 4211 uam
569 4144 729 4230 maxime,
752 4147 779 4212 si
804 4145 919 4214 eadem
942 4143 1025 4212 adsit
1049 4145 1149 4226 ratio,
1174 4146 1199 4210 si
1214 4143 1329 4211 cadem
1351 4145 1459 4214 subsit
1476 4146 1620 4231 utilitas,
1637 4145 1683 4212 L.
1705 4169 1756 4212 ra.
1781 4163 1818 4215 et

246 4234 293 4302 L.
338 4169 375 4302 gl
383 4238 430 4327 ff
450 4170 497 4301 de
512 4235 638 4328 Legib.
660 4231 943 4302 Contrabentihus
957 4259 1005 4327 qu
1052 4260 1114 4315 ue,
1131 4247 1195 4302 tam
1223 4259 1299 4303 uam
1313 4257 1422 4304 rerum
1439 4259 1576 4305 suarum
1601 4235 1816 4304 moderatori-

245 4325 419 4419 busatque
435 4325 571 4392 arbitris
585 4325 634 4392 L.
651 4350 704 4391 ar.
721 4323 761 4392 C.
778 4324 940 4393 Mandat.
957 4257 1049 4392 baril
1064 4327 1182 4416 exigua
1198 4261 1246 4393 de
1269 4328 1369 4416 rebus
1391 4328 1460 4396 suis
1483 4327 1650 4394 statuendi
1676 4339 1815 4416 potestas

287 4419 418 4500 rmissa,
443 4415 557 4505 (modo
572 4439 639 4482 non
658 4417 695 4481 in
711 4416 865 4505 publicae
881 4417 928 4484 rei
946 4429 1057 4506 vergat
1070 4420 1345 4509 nocumentum.)
1362 4415 1506 4485 Possunt
1522 4440 1598 4509 ergo
1611 4417 1648 4482 in
1672 4417 1740 4483 suis
1762 4441 1816 4488 ra-

236 4439 307 4575 Rs
323 4507 388 4600 ipsi
403 4509 468 4576 sibi
486 4507 611 4599 Legem
626 4505 754 4588 dicere,
769 4519 886 4573 mutua
903 4505 1056 4574 videlicet
1072 4507 1319 4592 Conventione,
1335 4508 1426 4599 quod
1443 4508 1540 4573 toties
1555 4509 1591 4572 in
1609 4510 1681 4572 'ure
1704 4505 1815 4572 incul-

244 4607 353 4668 catum
369 4621 404 4666 ac
419 4598 608 4689 repetitum.
626 4597 750 4686 vigore
766 4597 882 4688 itaque
897 4597 999 4689 hujus
1023 4599 1189 4682 potcstatis
1213 4598 1357 4664 limitant
1380 4609 1565 4664 contractus
1588 4533 1719 4676 thom,
1743 4620 1814 4662 am-

247 4686 351 4776 pliant
365 4707 399 4756 et
413 4687 616 4769 extendunt,
632 4704 731 4780 prout
745 4686 953 4754 commodum
970 4690 1092 4779 pariter
1107 4713 1143 4755 ac
1158 4688 1241 4754 utile
1256 4687 1321 4755 sibi
1338 4687 1465 4753 luerint
1481 4687 1668 4754 arbitratae.
1684 4685 1815 4755 Oriun-¹

245 4789 304 4842 tur
319 4777 395 4848 iude
410 4779 560 4848 diversae
574 4777 825 4862 conventiones,
841 4790 1024 4845 contractus
1041 4779 1182 4844 formam
1206 4801 1241 4844 ac
1265 4778 1401 4844 modum
1425 4775 1693 4846 determinantes.
1707 4775 1814 4862 ,luter

245 4865 304 4934 has
319 4889 394 4932 sane
406 4894 474 4937 non
490 4882 637 4936 meretur
652 4865 812 4934 ultimum
830 4868 938 4934 locum
954 4869 1126 4934 arbitraria
1144 4869 1276 4935 termini
1295 4868 1498 4960 praefinitio,
1515 4891 1584 4962 quo
1599 4894 1632 4936 se
1648 4868 1811 4934 constrin-

267 4974 332 5023 uut
346 4955 483 5027 invitem
497 4960 737 5026 contrahentes.
756 4957 976 5065 Praescriptio
991 4958 1070 5026 haec
1083 4958 1356 5027 Contentionalis
1366 4957 1645 5050 aliasappellatur.
1659 4957 1813 5048 Dignum

243 4981 424 5139 disquisitu
448 5051 596 5132 Thema,
624 5073 684 5116 nec
707 5048 817 5118 ubivis
839 5049 986 5122 obvium.
1009 5049 1157 5142 Ideoque
1181 5073 1234 5116 me
1256 5049 1365 5116 oleum
1390 5067 1423 5116 et
1444 5073 1576 5140 operam
1597 5045 1812 5140 perditurum

244 5138 336 5204 haud
351 5139 507 5227 arbitror,
524 5143 550 5208 si
567 5141 651 5208 hauc
667 5141 855 5224 materiam,
871 5163 1017 5207 concessa
1033 5139 1116 5208 mihi
1134 5139 1294 5208 benevole
1309 5165 1327 5206 a
1340 5139 1668 5296 Mappificodctorum
1680 5137 1812 5206 Ordine
1899 5145 1900 5150 ’

245 5230 282 5294 in
296 5225 523 5296 Celeberrima
534 5233 595 5300 hac
610 5229 771 5298 Viadrina
783 5243 961 5386 potestate,
977 5232 1117 5298 solemni
1135 5255 1171 5297 ac
1182 5231 1377 5298 Inaueurali
1435 5230 1608 5298 iscussioni
1625 5229 1809 5318 subjecero.

807 5346 830 5387 u

244 5319 290 5386 Et
304 5317 521 5481 hoeflyffidem
537 5322 709 5413 praecipue
725 5321 767 5386 ad

831 5335 920 5388 ctum
937 5321 1076 5390 famosae
1093 5322 1186 5388 illius
1200 5345 1236 5388 ac
1251 5287 1479 5389 tlobilissimae
1497 5319 1542 5387 L.
1561 5319 1735 5388 Aemilius
1752 5319 1810 5408 39.

231 5413 274 5504 ff.
291 5409 335 5478 de
395 5417 485 5480 inor.
502 5435 602 5504 quatra
618 5413 742 5504 Legem
759 5411 947 5481 Solemuem
968 5427 1003 5482 et
1019 5413 1136 5482 utilem
1155 5423 1243 5484 vocat
1255 5411 1351 5481 Bald.
1368 5413 1406 5480 t'rt
1420 5409 1564 5506 Repetit.
1587 5411 1622 5478 cl.
1634 5411 1680 5480 L.
1692 5411 1814 5478 Aemi-
