4478 6350
464 451 513 486 sat
951 429 1144 487 utsttsrtr.
1163 430 1212 482 tv.
1232 429 1350 486 CAPL‘T
1369 431 1414 484 ll'.

392 545 455 590 41144.
481 549 575 587 consu.
595 531 651 603 ipsa
671 529 772 582 41444414
793 526 858 582 satis
884 547 1014 602 superque
1032 538 1155 600 arguunt,

394 641 442 694 per
463 630 564 673 metum
585 618 667 670 luisse
686 627 757 687 gesta
774 617 881 681 cannia,
902 616 985 670 tradit
1002 616 1126 670 Menoch.
1138 615 1157 666 4.

396 718 420 757 2.
437 708 474 756 A.
489 706 521 755 J·
539 708 608 774 (1.4.
632 715 689 756 134.
703 721 730 754 14.
745 715 769 753 3.
790 712 813 752 4.
834 701 905 754 tttnc
923 711 1071 754 carceratus
1089 701 1157 767 iniu-

393 799 448 852 ste,
463 789 622 840 44411414444
642 787 670 838 14
684 802 800 849 carcere,
813 785 897 856 quoad
911 786 950 838 sni
969 785 1156 838 liberationem

392 883 487 927 terrent
510 880 661 926 reattractus
685 888 740 922 non
764 880 852 922 antem
882 879 994 940 prosunt
1018 869 1058 931 ei,
1083 868 1156 933 cuius

392 959 477 1028 gratia
492 957 581 1009 luerit
597 956 667 1008 male
692 955 877 1007 incarceratus.
898 952 1012 1006 Menoch
1038 951 1065 1002 d.
1090 951 1107 1002 l.
1127 949 1156 1002 14

394 1054 468 1100 metu
485 1059 598 1112 namque
615 1039 656 1092 vis
675 1039 760 1103 inest,
778 1057 829 1108 qua
848 1047 956 1108 propter
974 1037 1019 1106 qni
1038 1033 1064 1087 ri
1083 1052 1155 1086 oom-

391 1127 483 1196 pellit,
507 1124 615 1178 etiamsi
637 1121 812 1192 Magistratus
836 1123 888 1186 sit,
915 1121 977 1173 dum
1003 1119 1032 1172 id
1058 1119 1157 1171 illicite

391 1209 483 1274 iaciat,
511 1207 646 1262 tenebitur
667 1207 772 1260 actione
796 1205 866 1275 quod
890 1215 976 1259 metus
1000 1221 1089 1266 cansa,
1108 1219 1156 1254 nec

394 1292 491 1345 calebit
515 1291 685 1363 promissum.
710 1294 744 1344 L.
769 1291 899 1344 continet.
909 1289 949 1358 ff
976 1289 1050 1361 quod
1073 1297 1159 1341 metus

393 1392 469 1428 caras.
490 1376 550 1427 Zas.
570 1377 669 1428 Paret.
682 1373 721 1430 cd
744 1375 795 1426 Tit.
797 1373 837 1443 ff
850 1373 925 1446 qnod
942 1385 1004 1426 met.
1021 1388 1114 1426 causo·
1129 1391 1156 1443 p.

392 1468 434 1510 41.
462 1478 490 1510 n.
512 1469 537 1509 4.
557 1468 584 1510 44
601 1458 650 1511 ltoc
670 1458 786 1510 maxime
810 1457 939 1527 aequitati
957 1467 998 1508 est
1015 1464 1155 1508 cousenta-

395 1557 491 1607 neum,
504 1543 566 1612 qnia
584 1541 623 1592 ibi
643 1542 711 1594 ultra
732 1551 832 1594 metum
850 1541 936 1593 adhuc
953 1539 1028 1594 adest
1046 1537 1158 1593 (14141444

394 1623 527 1677 calliditas
552 1625 666 1695 pessima
691 1625 764 1692 ejus,
783 1625 828 1694 qui
847 1625 961 1694 aliquem
987 1623 1109 1686 inclusit,
1128 1632 1159 1674 ut

393 1707 457 1774 qnid
476 1707 509 1758 ab
534 1727 564 1760 eo
588 1719 754 1777 extorqueat:
774 1709 886 1779 ideoque
910 1709 938 1760 in
962 1705 1158 1774 414444οά1144-

397 1791 482 1866 minis
500 1791 591 1844 odium
613 1794 710 1845 merito
730 1794 792 1844 tales
810 1802 960 1845 contractus
983 1791 1067 1862 quoad
1086 1791 1158 1843 utte-

400 1885 472 1926 ctum
493 1893 544 1928 non
567 1876 730 1939 subsistunt,
748 1877 855 1947 legeque
881 1875 1076 1929 rescinduntur.
1094 1876 1113 1926 4.
1125 1889 1158 1946 ὃ4.

392 1955 479 2028 pnff.
500 1959 534 2010 de
551 1961 589 2012 Vi
600 1962 673 2033 publ.
687 1961 773 2030 Consi
792 1964 868 2014 Zoes.
887 1964 994 2017 Comna·
1013 1959 1113 2013 4441111.
1135 1970 1159 2010 4.

401 2043 427 2092 Y
426 2042 455 2094 it.
471 2042 539 2114 ιβ.
553 2063 580 2095 n.
597 2057 621 2097 s·
643 2054 667 2094 4.
679 2055 706 2098 et
716 2063 789 2116 seqq.
804 2045 881 2114 Qtrod
894 2046 973 2099 etiam
992 2045 1056 2098 adeo
1068 2053 1159 2097 exton-

397 2123 487 2188 ditnr,
508 2135 536 2176 ut
555 2144 608 2178 non
629 2131 732 2182 valeant
750 2137 916 2192 contractus,
928 2129 992 2182 licet
1008 2129 1069 2200 quis
1086 2137 1159 2182 metu

397 2209 511 2262 carceris
539 2211 686 2276 immeriti,
705 2215 855 2282 juramento
879 2214 1033 2282 promiserit
1052 2232 1081 2266 se
1104 2231 1160 2268 ser·

395 2301 533 2357 naturum,
553 2305 643 2366 potest
666 2315 779 2367 namque
805 2297 923 2360 restitui,
942 2306 970 2349 44
995 2316 1010 2348 a
1036 2297 1160 2370 Principe

393 2379 579 2432 iuramentum
597 2382 721 2436 relaxari.

432 2464 512 2518 Dicta
529 2477 617 2519 autem
637 2468 806 2521 haecomnia
827 2476 929 2521 1441444
946 2472 1032 2522 locam
1046 2470 1161 2533 liabent,

395 2549 500 2617 quentin
517 2551 576 2620 quis
594 2551 694 2620 injuste
712 2561 738 2604 44
752 2552 886 2622 immerito
898 2571 1000 2607 carcere
1013 2555 1161 2618 detinetur,

395 2631 429 2683 ad
448 2631 498 2685 hoc
515 2641 546 2684 nt
563 2632 665 2703 aliquid
683 2634 838 2704 promittat,
859 2635 923 2688 alias
937 2639 958 2690 si
973 2639 1042 2705 iuste
1055 2641 1116 2706 qatis
1127 2639 1162 2692 ob

394 2735 587 2788 quamcumque
605 2736 710 2771 cansam
728 2719 811 2774 suerit
824 2721 1011 2784 incarceratus,
1022 2723 1088 2792 quin
1101 2741 1164 2776 oon·

366 2825 369 2836 v
396 2809 494 2853 tractus
507 2802 631 2855 celebrati
646 2805 764 2866 valeant,
777 2806 865 2857 nullus
878 2807 1027 2870 dubitabit,
1040 2806 1163 2876 quiahoc

395 2901 458 2938 casu
476 2903 529 2938 nun
547 2886 581 2939 ab
599 2888 696 2942 411411
716 2889 814 2956 injusta
834 2901 923 2944 anetus
943 2909 1066 2962 praesens
1083 2891 1164 2945 inler-

397 2976 460 3032 tur,
479 2969 524 3023 sed
544 2970 603 3039 ipse
620 2973 696 3042 eulpa
714 2991 760 3026 sua
778 2973 831 3026 sibi
848 2975 973 3041 attraxit,
988 2975 1099 3045 ideoque
1113 2979 1164 3031 iste

396 3063 483 3106 metus
501 3071 533 3106 ex
552 3056 609 3123 jure
627 3057 703 3110 licito
715 3057 888 3128 proveniens,
903 3077 956 3111 nou
965 3060 1117 3132 operabitur
1126 3078 1165 3114 re-

388 3137 566 3189 stitutionem
586 3140 606 3191 1.
628 3149 670 3191 tt.
679 3156 719 3210 pr.
723 3137 764 3206 ff
778 3142 852 3213 quod
864 3150 926 3194 met.
939 3159 1023 3197 cansa
1036 3143 1161 3214 Ampliss.

396 3218 450 3269 Dn.
472 3220 506 3270 D.
525 3219 628 3274 11111444.
639 3224 707 3293 Ilep·
721 3227 821 3278 Purnt.
835 3226 867 3278 de
880 3244 912 3280 eo
926 3225 1000 3297 quod
1012 3238 1072 3278 met.
1086 3242 1160 3280 44444.

394 3312 459 3368 gast.
480 3315 583 3372 quaest.
603 3316 626 3355 4.
647 3307 736 3360 staua.
755 3311 869 3376 41414143.
893 3309 1162 3365 1440141444»

395 3385 439 3436 cit.
460 3399 484 3435 11.
502 3386 540 3437 414.
563 3399 602 3439 13.
621 3399 648 3441 44
661 3391 694 3445 414
705 3392 900 3446 Consuetudine
915 3394 1025 3446 Carcere
1038 3395 1107 3458 iuste
1120 3391 1162 3444 de-

398 3471 466 3520 tenti
485 3489 538 3522 non
557 3482 661 3524 tautum
681 3475 734 3545 ipsi
753 3485 903 3529 contractus
923 3478 1007 3538 inire,
1022 3476 1160 3528 sedetiam

399 3565 580 3622 procuratores
598 3559 761 3612 constituere
779 3573 907 3631 possunt,
927 3561 1064 3614 4144414144
1078 3562 1096 3611 4.
1114 3559 1164 3632 qui

394 3638 422 3689 in
442 3657 543 3694 carcer.
553 3641 594 3712 ff
613 3644 688 3714 quod
705 3655 766 3697 naec.
784 3661 878 3697 causo.

430 3726 481 3776 Sed
497 3730 634 3796 qatacritur
649 3730 746 3788 adlaum
776 3730 852 3784 done
868 3749 970 3800 quoque
988 3747 1076 3782 eorum
1096 3747 1159 3784 44444-

336 3817 341 3824 ·
395 3819 493 3861 tractns
504 3821 528 3861 ct
543 3810 733 3880 dispositiones
742 3811 958 3882 subsistant,qul
970 3813 1078 3883 quidem
1092 3817 1161 3882 juste

394 3892 423 3942 in
443 3909 547 3945 (carcere
565 3893 735 3957 detinentur,
754 3894 789 3947 ob
807 3897 920 3964 capitale
940 3906 1025 3948 tamen
1044 3897 1159 3962 crimen,

393 3985 419 4026 et
439 3976 498 4026 ideo
515 3975 668 4044 capitaliter
680 3977 760 4029 etiarn
774 3978 988 4032 condemnandi?
1002 3981 1160 4050 llesp.()linr

390 4059 497 4128 qaaidem
516 4062 582 4113 Jnre
600 4061 771 4130 Digestorum
792 4063 855 4115 licis
868 4064 900 4116 ad
915 4075 1028 4116 mortem
1038 4065 1159 4118 condem·

389 4143 460 4194 natis
479 4159 529 4194 nec
546 4145 714 4210 contrahere,
734 4165 781 4199 nec
795 4147 917 4200 debonis
931 4147 986 4201 suis
998 4147 1161 4219 quocumque

390 4226 470 4278 modo
488 4227 560 4278 inter
576 4227 648 4281 rivos
667 4229 809 4301 disponere
825 4233 934 4296 licebat,
953 4242 1062 4306 propter
1073 4233 1156 4286 444144-

389 4330 450 4362 rum
458 4307 690 4377 confiscationem,
702 4316 850 4386 antiquitus
863 4317 1157 4388 enimcapitalitereon-

389 4397 530 4450 damnatus
555 4415 645 4452 servus
665 4418 763 4470 4444444
789 4399 955 4456 efficiebatur
974 4404 993 4453 1.
1016 4415 1057 4454 14.
1065 4401 1106 4470 ff.
1124 4403 1157 4456 de

385 4501 470 4553 poen.
488 4483 596 4553 ejusque
613 4483 681 4538 bona
705 4487 798 4538 statim
824 4497 884 4558 pom
909 4485 1154 4540 condemnationem

389 4564 603 4620 confiscabantur
620 4580 648 4622 et
664 4570 869 4641 publicabantnr
886 4571 904 4622 l.
925 4585 949 4624 4.
968 4567 990 4641 5.
1006 4571 1052 4624 ult.
1056 4568 1096 4639 ff
1111 4573 1159 4644 qni

388 4662 495 4704 testum.
504 4649 571 4720 sac·
587 4670 659 4721 poss.
678 4655 698 4706 1.
722 4667 743 4706 1.
764 4668 789 4708 44
807 4654 901 4724 tot-ff
913 4654 946 4707 de
957 4656 1021 4707 bon.
1034 4655 1158 4708 damnat.

389 4735 443 4786 Sed
461 4730 711 4791 44441444114441444
728 4741 794 4792 iure
812 4757 881 4790 novo
894 4739 1016 4808 abrogata
1026 4742 1154 4807 perNoc.

391 4827 450 4870 134.
469 4837 490 4869 r.
514 4830 553 4870 tt·
574 4820 649 4872 autle-
668 4823 743 4876 bonn
762 4822 958 4876 damnatorum
980 4825 1010 4874 C·
1033 4825 1066 4877 414
1091 4825 1155 4877 don.

386 4903 530 4973 proscript.
548 4921 596 4956 seu
613 4907 708 4958 damn.
727 4907 817 4961 Const.
836 4908 919 4961 Crim.
939 4908 1026 4962 Carol.
1045 4913 1076 4960 11.
1104 4923 1155 4962 art.

388 4999 449 5038 213.
469 4999 495 5040 et
516 4999 573 5040 114.
592 4997 620 5042 44
643 4990 746 5044 sublata
767 4994 821 5061 jam
847 4994 978 5046 servitute
995 5011 1154 5062 4444444414,

387 5075 457 5124 doc.
480 5084 520 5123 22.
539 5093 562 5126 c.
585 5085 608 5124 4.
628 5077 705 5128 cutte.
722 5077 779 5130 Sed
794 5079 874 5131 1444114
891 5079 923 5132 C·
942 5077 975 5130 de
987 5079 1094 5130 Donat.
1113 5080 1156 5132 in-

388 5168 430 5208 ter
452 5159 510 5210 114.
531 5171 556 5210 et
579 5160 723 5214 14411411
748 5162 890 5232 impediet,
916 5182 968 5233 quo
987 5162 1076 5214 minus
1099 5163 1154 5228 rei,

388 5242 469 5293 etiam
489 5245 640 5312 capitaliter
657 5247 791 5311 damnati,
809 5249 877 5302 bona
896 5267 941 5301 sua
959 5246 1086 5312 rendere,
1109 5249 1156 5300 do-

388 5344 453 5378 44414
471 5339 496 5382 44
515 5330 698 5402 qualicumque
716 5333 794 5388 modo
813 5334 846 5388 de
872 5334 927 5386 illis
952 5333 1093 5403 disponere
1111 5350 1154 5384 ra·

1851 445 1905 484 22¹

1208 532 1291 584 leant.
1308 531 1424 584 Modesl·
1446 528 1510 582 Pist.
1529 549 1570 598 pe.
1592 542 1615 583 1.
1633 539 1736 602 quaest.
1754 543 1793 584 13.
1809 527 1849 582 Ab
1870 528 1918 582 hac
1937 537 1977 582 14·

1209 633 1270 668 men
1288 615 1404 686 gerrerali
1424 614 1560 669 decisione
1582 615 1680 668 tradita
1704 617 1817 670 omnino
1841 615 1977 666 exclusum

1208 700 1392 752 rolumusesse
1405 697 1607 752 condemnatum
1621 709 1650 754 et
1659 709 1806 754 accusatum
1818 699 1853 752 ob
1865 699 1976 752 Crimen

1209 783 1293 836 laesae
1310 783 1476 852 Maiestatis,
1494 800 1555 835 cum
1573 783 1630 850 ejus
1647 783 1715 836 bona
1728 783 1813 837 adbuc
1826 781 1977 836 liodieoon·

1208 865 1337 920 fiscentnr
1355 867 1381 920 d.
1400 869 1476 922 4144414.
1488 867 1561 919 Bon.
1575 869 1668 921 duma.
1680 870 1712 923 C.
1726 869 1760 922 de
1772 870 1836 920 bon.
1848 865 1977 939 proserii.

1206 968 1255 1006 sen
1273 953 1368 1007 datan.
1387 963 1438 1006 nrt.
1459 963 1519 1006 413.
1537 951 1653 1005 Constit.
1666 951 1782 1005 Crianin.
1796 951 1882 1004 Carol.
1897 950 1977 1001 V.id·

1208 1053 1258 1104 que
1275 1035 1304 1088 in
1324 1037 1379 1090 solo
1397 1035 1511 1088 crimine
1528 1038 1614 1090 laesae
1631 1037 1784 1104 Maiestatis
1803 1034 1926 1089 obtinere
1949 1042 1978 1089 44

1209 1128 1283 1170 extra
1302 1117 1353 1171 boc
1373 1117 1451 1170 hodie
1470 1119 1498 1169 in
1517 1119 1590 1172 nullo
1609 1119 1662 1171 alio
1679 1119 1794 1170 crimine
1810 1115 1977 1171 4444144441)-

1209 1219 1270 1254 nem
1288 1202 1374 1256 locum
1393 1202 1530 1266 inuenire,
1540 1202 1718 1258 communiter
1731 1205 1824 1258 solunt
1835 1203 1925 1274 (irpe-
1935 1218 1976 1272 pr·

1208 1287 1293 1343 Crim.
1311 1307 1355 1358 pe.
1376 1303 1401 1341 4.
1419 1310 1462 1359 qu.
1484 1302 1543 1342 144.
1561 1309 1590 1341 n.
1611 1299 1655 1341 41.

1246 1368 1298 1422 Sed
1310 1389 1344 1422 an
1358 1371 1420 1424 haec
1433 1371 1564 1424 sententia
1583 1371 1737 1444 Carpzarii,
1755 1373 1920 1440 aliorumque
1928 1368 1977 1440 qui

1209 1453 1287 1505 illum
1305 1465 1464 1524 sequnntur,
1484 1456 1619 1526 probanda
1638 1458 1691 1521 sit,
1710 1456 1807 1508 merito
1825 1455 1975 1507 dubitatura

1210 1537 1334 1608 Carpaov.
1351 1540 1425 1592 enim
1445 1557 1518 1591 suam
1530 1541 1691 1593 sententiam
1706 1540 1805 1592 nititur
1818 1537 1930 1610 probare
1941 1553 1976 1590 ex

1210 1623 1278 1674 Non.
1301 1633 1360 1674 134.
1379 1642 1401 1675 4.
1410 1621 1470 1692 fin.
1489 1633 1517 1676 et
1533 1623 1631 1677 exinde
1644 1625 1782 1695 desumpta
1800 1625 1876 1676 4444411.
1894 1623 1978 1678 Bona

1208 1706 1401 1761 damnatorum
1420 1709 1453 1762 C.
1470 1707 1504 1760 de
1523 1708 1603 1762 bonis
1622 1725 1727 1780 proscr-
1751 1708 1831 1760 Verb.
1854 1707 1978 1760 Norellae

1211 1801 1275 1842 sunt
1292 1791 1368 1844 baec:
1387 1791 1533 1846 Sarclanus
1551 1793 1659 1865 eosqui
1674 1791 1702 1846 in
1720 1791 1887 1845 Criminibus
1900 1807 1977 1844 oeen-

1208 1886 1320 1943 snntnr,
1339 1875 1367 1928 in
1386 1875 1481 1947 quidus
1498 1880 1554 1930 lt.
1568 1887 1682 1930 mortens
1695 1887 1745 1930 44444
1752 1874 1976 1946 proscriptionem

1211 1957 1360 2029 definiunt,
1377 1959 1405 2010 si
1419 1959 1620 2014 conveniuntur
1629 1970 1677 2014 ant
1688 1960 1915 2022 condemnentur,
1929 1976 1976 2012 eo·

1211 2057 1271 2093 runt
1290 2042 1473 2111 snbstantias,
1494 2062 1552 2097 non
1560 2043 1634 2114 fieri
1648 2044 1753 2098 lacrum
1765 2042 1909 2097 lodicibus
1927 2050 1976 2094 11114

1212 2145 1305 2178 eornm
1324 2125 1443 2196 officiis,
1461 2129 1510 2181 sed
1525 2147 1612 2198 neque
1635 2128 1782 2180 secundum
1799 2128 1856 2179 Lu.
1871 2136 1977 2180 natam

1211 2210 1295 2262 Fisco
1315 2225 1363 2264 eos
1381 2209 1522 2281 applicari.
1541 2211 1581 2266 Ex
1599 2213 1677 2281 hujus
1697 2219 1783 2263 textus
1805 2209 1977 2279 generalitate

1213 2297 1336 2368 Carpzor.
1362 2315 1435 2350 suam
1461 2297 1555 2368 probat
1579 2298 1740 2352 sententiam
1764 2305 1793 2349 et
1821 2295 1978 2365 generaliter

1212 2382 1292 2436 etiam
1306 2381 1343 2432 ita
1356 2381 1462 2442 statuit:
1476 2383 1550 2435 Mihi
1563 2382 1701 2436 verissima
1713 2379 1818 2434 ridetur
1830 2381 1874 2432 illa
1889 2396 1977 2432 asser·

1214 2466 1267 2530 tio,
1286 2474 1389 2535 praeter
1405 2463 1534 2518 delictum
1548 2467 1605 2519 scil.
1617 2467 1701 2518 laesae
1711 2465 1862 2531 Maiestatis
1875 2465 1979 2516 nullum

1213 2548 1293 2600 hodie
1311 2549 1368 2601 dari
1384 2566 1473 2601 casum
1491 2548 1536 2600 ubi
1556 2547 1710 2603 confiscatio
1728 2547 1836 2620 proprie
1861 2547 1922 2600 44114
1939 2549 1983 2600 lo·

1213 2651 1273 2687 cum
1292 2633 1394 2686 babent.
1415 2633 1468 2688 Sed
1486 2634 1536 2686 hoc
1548 2635 1669 2703 generale
1681 2644 1810 2686 assertum
1822 2631 1868 2684 cix
1880 2631 1981 2702 poterit

1215 2718 1320 2790 pmbari
1337 2735 1370 2770 cx
1388 2717 1414 2768 d.
1432 2718 1555 2781 Novella,
1574 2717 1705 2788 siqnidem
1723 2717 1803 2768 istius
1827 2715 1906 2768 verba
1924 2731 1979 2767 non

1214 2805 1252 2858 ita
1270 2801 1442 2873 generaliter,
1461 2803 1505 2856 sed
1526 2803 1677 2856 restrictiva
1694 2801 1871 2854 communiter
1881 2801 1980 2852 intelli·

1214 2898 1323 2959 guntur,
1343 2886 1381 2939 ita
1398 2895 1428 2938 ut
1447 2905 1495 2957 per
1514 2886 1566 2938 41..
1584 2897 1698 2951 veteres,
1712 2903 1821 2956 quarum
1834 2884 1863 2936 in
1874 2885 1900 2936 d.
1912 2884 1977 2937 Nor.

1214 2971 1248 3026 fit
1265 2973 1379 3038 mentio,
1397 2973 1583 3040 intelligantur
1601 2983 1704 3026 tantum
1719 2973 1769 3026 Ll..
1789 2973 1979 3028 Pandsctarnm

1215 3069 1242 3111 et
1260 3057 1366 3111 Codicis
1384 3055 1458 3121 illae,
1476 3074 1541 3126 quae
1564 3056 1695 3110 bononem
1721 3057 1925 3128 publicationem
1939 3059 1980 3112 'in

1215 3143 1307 3195 multis
1325 3161 1354 3194 ac
1371 3141 1453 3194 variis
1466 3137 1635 3194 Criminibus
1645 3139 1840 3208 44444411414444,
1851 3161 1903 3196 non
1918 3161 1979 3196 vero

1213 3226 1324 3277 aliarum
1342 3223 1512 3278 Novellarum
1530 3223 1753 3278 constitutiones.
1766 3225 1800 3278 Et
1811 3225 1880 3278 hauc
1892 3225 1980 3276 serbo·

1212 3325 1272 3361 rum
1290 3307 1487 3361 restrictionem
1507 3307 1648 3378 probamus
1665 3306 1777 3370 exinde,
1796 3309 1858 3376 quia
1881 3310 1979 3360 verosi-

1212 3393 1276 3445 mile
1294 3409 1345 3445 non
1365 3402 1419 3456 est,
1439 3391 1629 3462 Imperatorem
1648 3391 1827 3460 generalibus
1843 3392 1980 3446 sanctione

1213 3477 1326 3530 voluisse
1345 3477 1462 3546 propriis
1480 3477 1537 3527 suis
1554 3475 1670 3529 Novellis
1688 3476 1826 3545 derugare,
1837 3476 1922 3545 qualis
1935 3487 1979 3530 est

1210 3561 1320 3614 Novella
1344 3571 1383 3610 ¹².
1403 3576 1464 3612 cum
1483 3559 1557 3614 curt.
1577 3563 1706 3615 Incertas-
1724 3561 1757 3616 C·
1776 3558 1810 3615 de
1833 3564 1931 3614 144444.
1953 3570 1980 3612 et

1212 3647 1280 3698 innt.
1301 3643 1383 3715 Nupr.
1400 3643 1513 3713 lnsuper
1526 3644 1609 3696 etiam
1620 3643 1758 3698 notissimi
1771 3643 1848 3698 Juris
1860 3653 1917 3708 eat,
1931 3665 1978 3718 pn-

1214 3729 1337 3782 steriores
1356 3727 1404 3780 41..
1422 3727 1556 3797 generales
1581 3727 1717 3797 prioribus
1742 3727 1902 3798 specialibus
1924 3747 1978 3780 non

1212 3829 1316 3882 semper
1336 3811 1462 3880 derogare
1479 3812 1498 3862 l.
1513 3807 1599 3881 ruff.
1612 3813 1644 3866 de
1656 3814 1713 3865 Lu
1727 3811 1801 3864 Licet
1813 3808 1977 3864 affirmemus

1212 3897 1237 3948 d.
1257 3896 1322 3949 Nor.
1345 3906 1402 3948 134.
1421 3897 1547 3965 abrogare
1563 3905 1667 3968 praeter
1685 3911 1780 3948 omnes
1798 3895 1978 3948 4144414414-

1210 3997 1253 4032 res
1271 3981 1352 4034 etiam
1372 3981 1443 4051 ipsas
1461 3979 1596 4041 Mosellae,
1616 3989 1704 4034 saman
1723 3978 1895 4050 reperiuntur
1912 3983 1979 4033 444441-

1211 4075 1252 4118 tae
1266 4065 1478 4118 constitutiones
1493 4059 1668 4136 posteriores,
1683 4065 1713 4121 in
1725 4067 1821 4137 quibam
1834 4067 1897 4120 haec
1911 4067 1978 4122 Con·

1210 4146 1315 4203 fiscatio
1322 4149 1446 4203 dictatur.
1456 4149 1562 4204 dddnoo
1571 4153 1648 4206 4114414.
1666 4152 1794 4205 Gazoros
1808 4153 1839 4204 C.
1852 4150 1976 4208 chuer.

1209 4245 1235 4288 et
1254 4235 1375 4289 1114441414.
1394 4236 1440 4289 nbi
1453 4236 1647 4289 haereticorum
1660 4233 1729 4290 bona
1742 4232 1934 4300 confiscantur,
1948 4249 1980 4290 ut

1209 4314 1262 4369 41111
1280 4336 1335 4371 444
1353 4318 1459 4389 possint
1475 4317 1546 4389 patri
1561 4317 1708 4372 succedere.
1722 4318 1828 4371 Deinde
1839 4319 1919 4373 ctiam
1933 4321 1978 4372 ba·

1209 4399 1302 4454 1444444
1322 4402 1397 4456 cart.
1418 4402 1538 4471 Navigio
1551 4401 1583 4457 C.
1603 4402 1636 4455 de
1653 4402 1897 4457 rutaniorum
1908 4401 1978 4456 bona

1209 4481 1401 4548 confiscantur,
1422 4485 1469 4554 qui
1487 4484 1556 4539 bona
1574 4485 1759 4554 ncrrlragorum
1770 4493 1908 4555 occupant.
1922 4487 1979 4537 llae

1209 4569 1274 4619 duae
1291 4569 1496 4623 constitutiones
1514 4588 1568 4624 non
1588 4579 1698 4640 possunt
1715 4568 1769 4622 dici
1782 4569 1920 4637 abrogatae
1933 4589 1980 4640 per

1209 4662 1265 4707 aut·
1281 4653 1363 4706 Bona
1383 4653 1508 4707 damnat.
1522 4673 1582 4707 eum
1596 4655 1657 4708 11144
1676 4654 1723 4708 bac
1737 4653 1814 4722 lunge
1825 4651 1879 4704 sint
1894 4663 1978 4722 posta·

1210 4741 1302 4792 riores.
1323 4741 1395 4794 41444
1420 4741 1494 4792 enirn
1518 4741 1666 4795 iustiniani
1695 4749 1751 4800 est3
1777 4740 1823 4792 1114
1846 4738 1979 4792 friderici

1209 4824 1382 4894 lmpcretoris
1401 4823 1526 4877 84444411.
1546 4825 1637 4878 4444444.
1657 4824 1695 4878 od
1711 4823 1738 4878 d·
1764 4822 1840 4876 4414414.
1861 4823 1979 4891 Navigia

1207 4905 1326 4974 desurt.
1346 4925 1373 4957 n.
1402 4919 1444 4958 31.
1467 4911 1538 4961 llaec
1564 4909 1597 4962 114
1620 4913 1686 4965 Jure
1710 4908 1893 4968 Norettannns
1915 4909 1977 4960 Jaur

1207 4995 1297 5066 paucis
1315 4993 1395 5045 ctiam
1417 4993 1561 5048 ridendum
1576 4996 1641 5066 qnid
1659 4999 1725 5051 Jure
1742 4993 1866 5046 Carolino
1884 5002 1910 5046 et
1929 5012 1977 5046 no·

1207 5079 1317 5136 vissimo
1334 5079 1463 5133 obtineat.
1483 5084 1540 5134 llac
1558 5083 1591 5134 de
1608 5099 1636 5134 re
1648 5091 1736 5134 antem
1750 5089 1846 5133 tractat
1854 5079 1883 5132 in
1901 5081 1976 5132 Con-

1205 5166 1260 5214 4111.
1280 5163 1397 5218 Crimin-
1416 5176 1468 5220 art.
1490 5176 1550 5217 413.
1574 5167 1648 5232 cujus
1674 5165 1752 5234 rerba
1777 5164 1912 5216 14444414
1931 5165 1976 5217 ein

1212 5248 1401 5302 l'edeltlincter
1417 5252 1575 5304 (4443414411
1588 5253 1634 5303 des
1648 5253 1758 5304 Lastcrs
1771 5265 1883 5304 1411441141·
1892 5249 1978 5319 beloy·-

1208 5332 1299 5403 digten
1320 5334 1480 5404 4141434444,
1502 5337 1568 5390 oder
1583 5345 1661 5388 scnsl
1679 5334 1707 5388 in
1723 5334 1828 5389 andern
1844 5333 1977 5399 Fuelien,
