4504 6344
857 555 906 616 nt
924 559 1084 622 nonunt>
1100 561 1273 626 Nuutlco:

875 769 1124 850 CAPUT
1170 781 1237 852 111.

837 957 896 1028 De
918 961 1089 1035 Dominio
1111 969 1267 1042 nautico.

449 1169 473 1222 S
492 1166 520 1220 ll
535 1165 571 1218 ll
584 1163 622 1216 H
634 1163 664 1218 A
681 1165 707 1220 li
725 1165 790 1218 tA
1083 1177 1218 1234 Rationes
1232 1195 1283 1251 pro
1302 1179 1504 1258 insequentibus
1510 1185 1666 1260 firmiores.
1686 1207 1714 1244 n.
1735 1203 1777 1246 ιι.

1081 1263 1273 1332 Respondetur
1288 1266 1327 1319 ad
1345 1285 1449 1339 argum.
1468 1272 1619 1330 contraria.
1639 1295 1668 1329 ιι.
1691 1285 1732 1328 ιι.

177 1372 180 1382 .
262 1347 299 1402 ,te
312 1353 383 1413 quas
394 1353 438 1392 res
447 1351 581 1409 personae
590 1333 717 1392 nemim
728 1331 879 1390 ianiaium
891 1329 1032 1388 latranti
1080 1346 1210 1401 Accessio
1226 1351 1386 1408 describitur
1399 1365 1427 1409 et
1444 1355 1578 1412 dividitur.
1597 1379 1624 1414 ιι.
1646 1373 1687 1414 ιι.

261 1479 265 1490 .
299 1443 331 1478 ¹¹·
354 1435 375 1476 ¹·
1082 1424 1211 1482 ‘mettio
1236 1433 1313 1502 artis!
1330 1435 1458 1492 diuiditur
1475 1440 1504 1491 in
1523 1439 1720 1513 confusionem
1740 1454 1766 1498 et
1783 1463 1852 1502 tare.

264 1508 390 1566 Membra
408 1505 487 1560 naris
503 1521 574 1575 auae
590 1502 667 1558 sint?
685 1521 713 1556 ιι.
733 1512 757 1556 ι.
1110 1507 1291 1580 junctionem.
1311 1536 1339 1570 ιι.
1361 1530 1404 1570 ss.

263 1600 404 1652 Arteman
423 1602 449 1648 et
462 1588 634 1646 carclsesium
653 1605 712 1644 reon
728 1595 795 1644 tunt
809 1587 932 1646 merniro
944 1586 1031 1644 ιιιιιίι.
1081 1590 1248 1662 Conjunctio
1266 1595 1434 1654 describitur.
1454 1619 1481 1654 n.
1502 1615 1544 1655 or.

301 1701 329 1736 η.
350 1691 374 1733 ³.
889 1721 891 1728 .
1080 1677 1226 1749 Exemplis
1240 1677 1405 1750 declaratur.
1423 1701 1452 1736 ιι.
1472 1695 1514 1736 ts.

263 1771 451 1824 Armamenta
469 1759 582 1815 narium
597 1757 798 1814 describuntur.
816 1775 845 1810 ιι.
864 1767 889 1810 4.
1085 1761 1158 1830 Quid
1166 1763 1250 1834 juris,
1269 1764 1296 1818 si
1310 1766 1373 1838 pnes
1389 1767 1503 1822 carinae
1520 1784 1587 1824 suae
1606 1771 1687 1826 naris
1704 1787 1769 1831 ante
1793 1779 1848 1834 tis-

262 1853 379 1909 Gilaria
403 1858 553 1903 nautarum
579 1844 689 1918 quanda
705 1859 756 1914 pro
775 1841 856 1898 toreis
878 1837 1030 1896 communi·
1117 1847 1224 1904 solutae
1243 1849 1353 1905 tabulas
1371 1851 1485 1908 alterius
1501 1857 1738 1926 superstruxeris?
1755 1879 1781 1914 ιι,
1803 1875 1844 1916 ις.

298 1939 348 1990 irus
365 1929 541 1990 habeantur?
559 1949 587 1983 n.
607 1941 632 1981 t.
1085 1930 1159 2000 Quid
1172 1931 1209 1986 sit
1225 1933 1345 1989 carina?
1361 1955 1388 1990 ιι.
1411 1947 1453 1993 to.

263 2023 350 2076 Nemo
370 2035 427 2072 rem
444 2033 525 2070 suam
542 2013 662 2068 vendere
678 2011 742 2083 cogi
754 2019 852 2082 potest.
871 2029 890 2064 ιι
919 2022 942 2064 t.
1083 2013 1187 2086 Opinio
1216 2017 1315 2073 l'innii
1330 2029 1357 2074 et
1374 2021 1493 2078 aliorum
1512 2023 1545 2077 cie
1563 2035 1667 2096 quaest.
1693 2029 1773 2084 moda
1800 2029 1847 2084 all.

264 2102 428 2174 Ampliatio.
447 2121 474 2154 ιι.
496 2111 521 2151 ι.
949 2131 951 2138 -
1118 2117 1147 2151 ιι.
1168 2106 1209 2152 4ι.

262 2189 448 2258 Exceptiones
466 2185 581 2256 aliquot.
599 2201 627 2236 ιι.
646 2193 672 2234 ι.
1080 2183 1213 2237 Auctoris
1229 2185 1348 2242 decisum
1365 2189 1400 2244 de
1424 2187 1524 2246 l‘innii
1538 2189 1686 2248 sententia.
1705 2214 1734 2248 n.
1756 2206 1798 2248 ιι.

263 2275 381 2332 Furtum
400 2289 456 2325 non
475 2266 662 2333 committitur,
675 2263 818 2320 esculentis
834 2265 882 2318 eret
896 2264 1028 2336 poculen-
1081 2268 1131 2321 An
1149 2269 1261 2325 tabulae
1278 2271 1405 2343 oop‘renate
1423 2275 1560 2330 vindicari
1574 2279 1705 2350 possint?
1721 2298 1751 2332 ιι.
1772 2289 1813 2331 ιι.

299 2357 336 2410 tit
354 2365 477 2409 entrema
484 2351 579 2422 samis
596 2349 755 2405 necessitate
771 2347 908 2419 emepsls.
926 2367 956 2403 ιι.
975 2360 1001 2404 ι.
1080 2351 1216 2408 testones
1232 2354 1383 2412 dubitandi.
1402 2377 1431 2412 n.
1451 2367 1495 2414 44.

263 2441 398 2498 Rationes
419 2438 581 2494 nonnullae.
600 2452 628 2489 n.
651 2444 692 2490 ιι.
1080 2433 1165 2490 llatio
1185 2433 1330 2494 decidendi
1342 2455 1393 2514 pra
1413 2439 1464 2514 qffi
1482 2462 1510 2498 ιι.
1532 2455 1574 2498 tt.

262 2532 323 2584 lma
342 2536 446 2597 peccat,
465 2523 559 2596 quiin
579 2520 633 2576 toli
647 2537 715 2575 casu
728 2518 801 2574 elicto
814 2517 1028 2576 moriosiiinors
1080 2517 1231 2576 limitatio.
1251 2539 1280 2577 ιι.
1302 2535 1344 2578 tt.

262 2648 266 2660 .
300 2611 426 2668 consulit.
445 2629 471 2664 ιι.
498 2620 540 2663 ιι.
920 2641 922 2646 -
1087 2603 1210 2659 Traditio
1238 2606 1337 2664 mosius
1362 2606 1458 2663 tertius
1482 2626 1561 2684 aequ·
1585 2609 1658 2664 dom.
1676 2611 1710 2666 de
1728 2612 1794 2682 jure
1817 2611 1851 2666 G·

263 2696 421 2752 ltoiorotur
436 2693 574 2748 sententia
591 2691 663 2746 dieta
682 2690 834 2748 Ambrosii.
852 2709 881 2744 n.
904 2702 944 2744 ιι.
1117 2707 1146 2743 ιι.
1167 2698 1210 2743 tt:

261 2778 411 2834 limitatur
426 2779 456 2832 in
475 2793 549 2841 casu,
562 2773 610 2830 ubi
619 2773 721 2830 caeteri
730 2775 760 2830 in
774 2774 861 2832 simili
872 2773 1031 2834 necessitate
1080 2774 1152 2844 Ejus
1168 2774 1306 2848 requisita.
1326 2795 1354 2831 ιι.
1376 2785 1417 2830 te.
1436 2790 1441 2800 '

299 2863 429 2918 niseum.
447 2880 476 2915 n.
499 2874 537 2914 ts.
1082 2855 1252 2925 Differentia
1274 2859 1347 2916 inter
1369 2863 1442 2918 Ιιιιιιι
1463 2863 1573 2922 modum
1592 2883 1670 2937 aequ.
1695 2871 1722 2918 et
1741 2865 1848 2937 praetii-

261 2953 297 3005 la
312 2946 491 3020 acquisitione
503 2943 620 2999 dominii
630 2959 722 2998 rerum
735 2941 838 2997 nautis.
847 2943 953 2999 cantici.
964 2953 1031 3001 sunt
1117 2953 1184 2995 ctat.
1202 2961 1231 2998 ιι.
1252 2954 1293 2997 ιι.

297 3051 432 3104 personae
451 3043 478 3086 et
494 3029 577 3085 modi
595 3049 623 3084 n.
645 3039 687 3082 tt·
1082 3031 1132 3084 Aa
1147 3029 1302 3085 aditionem
1319 3031 1435 3088 donatio
1453 3032 1581 3104 refertur.
1600 3053 1629 3090 ιι.
1651 3049 1694 3092 ss.

264 3117 414 3192 Acquirere
436 3127 550 3188 possunt
581 3131 647 3182 eas,
677 3115 726 3187 qui
755 3129 813 3166 non
842 3115 1028 3184 proluitentur.
1081 3116 1131 3168 An
1163 3115 1270 3172 donata
1295 3134 1367 3172 naoe
1397 3120 1500 3189 stapla
1526 3121 1697 3194 praestantia
1724 3119 1788 3175 siti
1817 3123 1854 3178 N.

299 3225 327 3258 ιι.
345 3217 384 3257 ts.
1117 3218 1145 3253 ιι.
1166 3211 1207 3254 tt.

263 3291 386 3359 Quinam
403 3286 602 3358 prohibeantur
617 3283 740 3338 nature?
759 3303 786 3341 ιι.
810 3294 849 3337 tt.
1084 3285 1228 3356 Quomodo
1245 3287 1375 3344 dominus
1393 3301 1482 3347 ratem
1498 3307 1579 3347 tuam
1588 3331 1598 3358 ,
1623 3291 1656 3344 vi
1670 3290 1805 3366 fluminis
1821 3289 1852 3344 in

263 3377 336 3445 Lege
352 3371 531 3444 prohibentur
547 3367 600 3441 (ι.)
612 3367 730 3439 piratae·
748 3385 776 3420 ιι.
798 3379 838 3420 ιι.
1116 3370 1229 3426 alterius
1246 3389 1343 3443 agrum
1360 3375 1482 3429 delatum
1500 3375 1658 3446 recuperet?
1676 3395 1703 3429 ιι.
1724 3385 1765 3428 st.

263 3461 316 3530 (ι.)
335 3461 492 3512 Senatores.
511 3473 540 3508 n.
565 3465 603 3506 tt.
1080 3455 1125 3509 De
1143 3473 1196 3527 quo
1214 3457 1334 3522 damno,
1350 3459 1516 3529 praeterito,
1536 3456 1701 3530 arefieturo,
1726 3467 1791 3513 tunc
1807 3474 1853 3510 ca-

262 3545 311 3614 (t.)
330 3544 476 3598 Praesides
494 3552 520 3596 et
535 3549 725 3612 procuratores
738 3538 868 3596 Caesaris
878 3540 908 3594 in
920 3558 954 3595 ea
965 3553 1030 3610 pro·
1115 3537 1237 3593 venium
1254 3540 1312 3594 sit?
1329 3560 1357 3596 ιι.
1378 3555 1420 3596 ιι.

268 3667 270 3672 ,
299 3627 403 3692 vincio,
421 3625 468 3680 cui
481 3635 620 3696 praesunt.
638 3641 667 3676 n.
691 3633 730 3675 ιι.
1085 3621 1166 3691 Quiri,
1186 3623 1215 3677 si
1229 3625 1367 3692 dominus,
1386 3626 1464 3698 cujus
1484 3627 1554 3683 ratis
1571 3626 1600 3682 in
1620 3626 1703 3682 alien.
1721 3639 1779 3699 egr.
1801 3625 1850 3680 le-

261 3715 311 3788 (t.)
326 3713 471 3777 Extranei,
485 3711 612 3784 quamdin
630 3709 694 3768 ciris
712 3709 799 3773 aciest,
817 3711 866 3782 qui
881 3711 949 3767 uelit
961 3729 1029 3768 eme·
1114 3709 1173 3764 iata
1190 3721 1239 3778 est,
1256 3711 1415 3782 ignoretur?
1432 3733 1461 3768 ιι.
1482 3722 1524 3766 tt.

293 3817 332 3852 re.
346 3799 380 3853 ti
387 3798 443 3852 scil.
455 3807 587 3852 statutum
601 3797 695 3866 ejusne.
714 3793 817 3850 alicubi
833 3797 929 3866 rigent.
940 3816 968 3852 ιι.
985 3811 1027 3854 ιι.
1082 3791 1157 3862 (tecit
1169 3813 1219 3864 per
1236 3793 1352 3867 usurnli·
1371 3797 1451 3854 natis
1467 3797 1660 3873 intelligatur?
1678 3815 1706 3850 n.
1728 3807 1770 3848 tt.

262 3883 342 3939 llodi
357 3881 518 3954 acquirendi
532 3891 598 3934 sunt
615 3890 673 3934 nat.
692 3879 735 3934 rel
750 3879 849 3936 ciuiles.
869 3899 897 3934 ιι.
918 3893 959 3934 ιι.
1078 3880 1129 3930 An
1162 3898 1234 3936 nare
1262 3882 1397 3938 dissoluta
1429 3883 1488 3956 ejus
1518 3880 1621 3954 usussr.
1651 3879 1853 3956 extinguatur?

262 3967 438 4022 Naturalium
457 3975 600 4018 creseunt
620 3981 648 4017 ιι.
669 3974 712 4016 ιι.
1115 3983 1144 4018 ιι.
1164 3975 1206 4020 ss.

265 4053 385 4118 Quorum
399 4049 503 4120 primus
521 4058 561 4102 est
578 4047 718 4118 occupatio
732 4062 822 4102 rerurn
841 4047 883 4100 rel
895 4063 1027 4118 persona·
1077 4047 1197 4102 Seruitus
1212 4049 1243 4103 in
1264 4050 1331 4107 nari
1345 4051 1493 4108 consistere
1511 4051 1612 4126 nequit.
1631 4071 1659 4108 ιι.
1682 4063 1725 4106 st.

298 4151 367 4188 rum.
386 4151 413 4186 n.
434 4143 474 4188 ιι.
1076 4132 1194 4186 Narium
1212 4149 1277 4187 usus
1293 4133 1428 4191 interdum
1447 4134 1619 4206 restringitur·
1627 4143 1762 4208 potestate
1774 4135 1851 4204 prin·

262 4217 395 4270 Concessa
414 4214 524 4287 dejure
539 4231 646 4288 quoque
662 4215 734 4270 Can.
754 4231 782 4266 ιι.
802 4219 845 4264 ι4.
1112 4215 1187 4290 elpis,
1204 4235 1232 4270 ιι,
1253 4229 1293 4272 ιι,

260 4301 353 4355 ltatia.
371 4319 399 4353 ιι.
410 4301 462 4353 ιι.
1080 4301 1159 4370 Quae
1171 4309 1292 4371 potestas
1311 4301 1464 4358 dominium
1481 4300 1607 4360 eminens
1624 4301 1791 4374 appellatur.
1819 4317 1848 4351 ιι.

261 4388 387 4442 indicare
411 4395 502 4442 tamen
514 4385 622 4457 piratas
639 4395 666 4439 et
682 4384 785 4440 similes
800 4387 862 4456 ouis
877 4401 935 4440 non
953 4395 1025 4440 tene·
1113 4397 1155 4439 ιι.

295 4485 346 4526 rur.
366 4488 395 4524 ιι.
416 4482 459 4525 ιι.
1072 4469 1155 4524 Istius
1171 4469 1290 4526 elaminii
1305 4469 1417 4543 effictus
1433 4481 1616 4526 recensentur.
1635 4485 1663 4522 ιι.
1684 4481 1727 4523 so.

262 4558 342 4622 Quod
358 4557 387 4609 in
395 4553 469 4626 firro
488 4555 673 4610 conscientiae
681 4553 774 4625 sillit-
794 4573 822 4612 ιι.
841 4567 884 4608 ιι.
1074 4555 1180 4626 Differt
1198 4557 1233 4611 ab
1252 4559 1305 4612 lrac
1322 4555 1435 4612 narium
1455 4553 1647 4630 praestatione
1666 4551 1796 4626 Auguria
1817 4565 1847 4609 et

257 4641 437 4708 Magistratus
452 4639 558 4708 piratas
570 4641 599 4694 in
614 4642 694 4696 aliud
704 4642 871 4698 territorium
879 4639 1024 4714 fugientes
1112 4639 1303 4713 Parangaria.
1323 4659 1351 4694 n.
1372 4653 1414 4695 tt.

292 4739 453 4795 persequens
470 4725 536 4798 quid
554 4743 635 4798 agere
652 4726 768 4782 debeat?
787 4746 814 4780 n.
834 4739 875 4780 tt.
1075 4723 1123 4778 At
1141 4723 1194 4780 lroc
1214 4723 1324 4781 narium
1338 4723 1526 4798 praestatione
1544 4741 1625 4780 nemo
1644 4732 1686 4781 est
1702 4723 1843 4782 immunis.

258 4805 354 4860 Judese
373 4807 776 4883 loci,uliqnisprel1enditur
798 4813 966 4881 consideret,
985 4833 1023 4870 en
1111 4828 1139 4862 η-
1163 4821 1207 4864 ⁸²·

290 4893 330 4946 ael
342 4895 525 4964 persequentis
547 4896 708 4964 petitionem
726 4913 802 4951 reum
820 4897 963 4965 remittere,
983 4917 1021 4954 cre
1072 4891 1239 4964 limitatio,
1271 4913 1341 4969 quae
1369 4906 1462 4952 tarnem
1493 4891 1575 4950 tolie
1597 4911 1656 4950 ιιοιι
1681 4893 1841 4950 attenditur.

289 4996 353 5033 oero
371 4977 458 5048 ipsum
474 4981 574 5053 punire
590 4983 619 5036 in
638 4983 699 5038 loco
722 4983 958 5054 deprehensionis,
975 5001 1021 5040 sa-
1111 4998 1137 5031 n·
1160 4993 1202 5034 ⁶³·

289 5065 345 5118 rius
361 5065 420 5119 sit?
436 5083 464 5119 n.
486 5079 528 5120 ιι.
1070 5068 1120 5118 An
1138 5063 1272 5124 damnum
1290 5067 1320 5122 in
1337 5065 1524 5139 praestatione
1548 5065 1629 5123 nasis
1651 5083 1670 5122 a
1693 5067 1844 5137 praedoni-

254 5150 345 5204 llorlie
357 5149 531 5207 remissiones
541 5152 752 5207 criminosorum
765 5151 793 5206 ιἰι
804 5169 855 5207 usu
868 5171 925 5208 non
936 5151 1021 5208 sunt?
1107 5154 1155 5208 bus
1172 5154 1267 5209 datum
1282 5153 1420 5226 principes
1438 5151 1595 5210 resarciat?
1612 5151 1646 5206 lt.
1665 5169 1693 5207 n.
1714 5161 1757 5206 st.

264 5258 273 5264 ··
290 5253 318 5285 ιι.
340 5245 382 5287 ιο.
1069 5238 1161 5292 Nares
1181 5247 1293 5308 praeter
1314 5237 1503 5310 navigantium
1524 5231 1615 5311 afficit
1628 5236 1645 5310 ι’
1651 5251 1683 5291 us
1705 5237 1840 5308 stapulas.

253 5317 302 5370 Aa
322 5317 399 5386 lrona¹
414 5327 555 5388 captorum
573 5319 601 5371 in
620 5317 767 5390 sequentis,
785 5339 823 5375 an
842 5337 904 5377 sero
925 5341 1019 5396 appre·
1106 5343 1135 5376 n·
1155 5337 1196 5379 ιι.

289 5401 432 5454 tendentis
448 5403 525 5457 rint?
543 5423 571 5458 n·
593 5417 633 5458 ιι.
1069 5408 1204 5478 scapulae
1221 5407 1395 5480 etymologia.
1415 5427 1443 5460 ιι.
1466 5419 1510 5461 ιι.

252 5487 385 5539 Rationes
401 5501 451 5557 pro
471 5489 739 5560 apprehendentibus.
760 5509 788 5544 ιι.
811 5501 851 5544 ιι.
1073 5490 1127 5545 Jus
1144 5493 1268 5568 stapulas
1286 5490 1422 5564 definitur.
1442 5507 1469 5542 ιι.
1490 5501 1533 5543 ιι.
