4504 6344
446 511 498 582 47³
953 505 1147 560 34333344.
1165 507 1198 560 x.
1217 505 1335 562 34433
1351 509 1373 560 4.
1835 512 1885 580 trt

376 609 461 684 ploti,
479 608 647 662 reductorem
668 613 756 658 temen
774 602 880 676 optimo
898 602 955 671 jure
973 618 1031 654 esse
1050 603 1140 672 eppel-

313 788 341 834 43
377 691 602 843 haffligemensi
621 767 706 840 igitur
723 764 816 832 iorte,
835 785 872 820 33
889 767 958 820 Nou.
974 773 998 818 t.
1010 783 1033 818 c.
1051 775 1074 816 4.
1087 780 1144 816 333-

377 859 422 913 bis
441 862 457 929 (
465 858 655 928 Papinianum
675 851 828 906 maximum
850 848 945 920 fuisse
964 849 1012 921 qui
1034 849 1086 902 doc
1102 848 1146 900 in·

379 942 558 1010 traduxerit)
572 941 724 1010 scrupulum
743 937 816 992 incili
828 937 945 1007 quilibet
957 935 1011 988 sibi
1025 935 1077 1004 ipsi
1091 933 1146 986 exi-

379 1045 452 1082 miii
470 1025 569 1098 11011111
587 1025 701 1094 11030110·
719 1023 759 1076 Ni
777 1024 831 1075 ⁰¹¹⁰
849 1021 923 1074 ‘nim
943 1037 1059 1088 “mlum
1089 1019 1149 1085 5⁰¹0
1200 1025 1411 1079 concon-inerit
1422 1041 1554 1092 excessus,
1566 1047 1633 1098 quoe
1643 1029 1752 1100 quidem
1766 1031 1887 1084 excussio
1900 1031 1964 1086 eden
2003 1043 2037 1106 44

377 1114 420 1166 sel
437 1113 496 1181 lege
511 1119 640 1181 qnantum
660 1107 735 1160 mihi
756 1105 910 1177 perspicere
927 1102 1053 1166 licuerit,
1075 1116 1148 1152 renrn

382 1207 445 1250 cute
461 1193 647 1263 fidejussorem
665 1191 816 1245 excussioni
837 1206 894 1242 esse
913 1184 1149 1246 submittendum,

386 1281 551 1354 Pepiuiunus
574 1277 714 1332 induxisse
738 1277 809 1330 mihi
832 1276 957 1328 hactenus
981 1273 1068 1335 uisus,
1087 1270 1151 1322 dum

1193 602 1294 658 tamdiu
1312 611 1458 658 cessantem
1474 603 1660 662 decioresrrirn
1673 609 1865 675 excussionem,
1878 613 1961 665 donee

1194 687 1352 760 principalis
1370 691 1490 756 debitor,
1509 692 1565 746 sire
1583 693 1622 758 is,
1636 711 1685 764 pro
1695 713 1748 766 quo
1761 693 1901 763 fidejussor
1915 699 1959 750 in-

1201 773 1350 828 tercesseris
1367 774 1385 827 1.
1407 789 1454 829 43.·
1453 774 1495 845 Ι
1514 776 1546 830 33
1552 775 1683 847 fidejuss.
1697 778 1716 829 1.
1737 789 1778 830 43.
1786 779 1827 850 Ι
1847 783 1964 835 331113.

1198 858 1217 909 1.
1239 868 1281 912 44.
1302 857 1326 930 5.
1345 859 1373 912 31
1388 859 1554 932 principalis
1560 859 1603 930 Ι
1621 861 1654 915 33
1668 863 1732 933 jure
1739 861 1810 934 fisci
1825 880 1874 936 per
1889 865 1961 935 judi·

1197 961 1255 996 cent
1279 943 1297 998 1.
1317 943 1378 995 3.1.
1400 945 1460 996 3.’1.
1480 946 1528 998 ult.
1545 945 1574 999 in
1583 943 1643 1015 fin.
1661 949 1694 1002 C·
1712 965 1765 1018 quo
1790 947 1850 1020 quis
1873 950 1962 1002 ordin.

1201 1112 1298 1164 existit
1316 1113 1447 1180 rigorose,
1466 1120 1495 1166 ut
1512 1109 1561 1166 bnt
1578 1131 1660 1184 usque
1677 1115 1711 1166 od
1730 1115 1859 1169 3333314433
1878 1127 1905 1170 34
1918 1135 1962 1189 pe·

1203 1213 1268 1248 3343.
1288 1198 1370 1249 iason
1398 1196 1426 1249 in
1446 1193 1470 1268 5.
1483 1197 1542 1266 fin.
1556 1217 1584 1250 3.
1606 1211 1629 1252 t·
1649 1202 1716 1252 1334.
1730 1201 1828 1254 33334.
1842 1201 1964 1254 Vincent.

1202 1279 1327 1332 Ceronius
1346 1281 1379 1331 33
1397 1297 1502 1333 excuss.
1521 1281 1584 1334 133.
1605 1303 1649 1354 pu.
1671 1293 1693 1334 4.
1724 1303 1752 1336 n.
1781 1293 1803 1334 4.
1829 1286 1964 1338 Valentio.

385 1385 494 1440 semper
521 1365 636 1419 arbitrio
660 1363 825 1418 creditorum
855 1361 906 1414 1433
927 1359 1051 1412 relictum
1069 1354 1153 1407 inisse
1202 1365 1319 1417 limen,
1339 1364 1508 1435 ὤμω,
1527 1385 1550 1419 0,
1570 1381 1593 1420 t.
1608 1385 1636 1421 η,
1653 1379 1710 1420 ¹4„
1724 1367 1967 1423 L„,10,50,(30„„2,

387 1454 512 1517 dicetur,
529 1449 597 1520 quod
614 1466 649 1502 ex
667 1449 727 1518 ipso
745 1445 888 1517 Papiniani
915 1443 981 1497 sutis
1007 1441 1153 1508 liquescere

386 1549 453 1611 puto
465 1553 592 1608 responso
612 1535 642 1586 in
660 1533 678 1586 l.
701 1542 743 1584 34.
763 1537 785 1593 ς.
806 1543 829 1584 3.
838 1526 880 1598 Ι.
899 1527 932 1580 33
940 1526 1067 1598 fidejuss.
1091 1523 1109 1574 1.
1130 1535 1154 1573 3.

388 1635 413 1676 3.
436 1633 475 1674 43.
496 1631 538 1672 33.
556 1619 589 1674 C.
611 1617 715 1670 333334.
736 1616 793 1668 1333
817 1631 867 1666 nee
897 1613 967 1683 lmp-
999 1607 1101 1663 tostin.
1124 1605 1154 1655 in

389 1705 455 1760 diet.
477 1704 544 1758 Nor.
567 1698 727 1756 beneficium
750 1699 801 1752 hoc
823 1693 989 1749 excussionis
1008 1689 1154 1763 Papiniano

390 1795 542 1848 adscribere
568 1807 644 1844 tuens
667 1797 724 1854 est,
746 1785 794 1840 sed
816 1785 868 1838 boc
891 1793 994 1836 tentum
1020 1785 1155 1848 occeptum

1203 1449 1231 1502 in
1252 1450 1351 1512 §.item
1365 1452 1498 1504 serviano
1512 1469 1540 1502 3.
1557 1463 1599 1504 34.
1619 1451 1683 1504 inst.
1691 1452 1725 1505 33
1737 1451 1839 1506 action.
1856 1453 1967 1524 llering.

1205 1535 1236 1587 33
1239 1533 1368 1603 fidejuss.
1387 1553 1410 1586 c.
1429 1545 1473 1586 34.
1493 1536 1527 1587 Ρ.
1552 1547 1573 1588 t.
1592 1554 1620 1588 n.
1638 1535 1722 1586 334131
1743 1535 1870 1604 inquiunt
1888 1537 1970 1591 13313

1204 1617 1339 1671 debitores
1363 1619 1510 1672 executuri
1533 1618 1560 1672 in
1581 1618 1709 1672 33331133
1726 1619 1807 1674 13313
1824 1621 1906 1674 341334
1926 1639 1969 1676 us·

1207 1722 1258 1774 pue
1282 1703 1319 1756 33
1342 1703 1517 1768 indumento,
1545 1721 1602 1756 non
1629 1704 1684 1756 3131
1700 1705 1781 1757 unice
1801 1725 1855 1776 quo
1873 1723 1972 1774 corpus

1206 1797 1318 1858 tegunt,
1338 1805 1372 1840 ne
1390 1789 1459 1841 nudi
1473 1787 1604 1840 13333334
1621 1797 1692 1842 33343
1704 1789 1806 1842 relicte·
1822 1791 1860 1842 lle
1872 1789 1968 1859 qisibus

392 1879 447 1934 iert
471 1877 576 1941 eidem,
594 1873 665 1948 quod
683 1873 717 1926 de
735 1871 864 1925 diletione
882 1864 1030 1935 fidejnssori
1048 1863 1158 1917 absente
1207 1871 1256 1922 sub
1274 1871 1361 1941 eapite
1378 1870 1413 1924 (le
1430 1872 1514 1926 forma
1533 1874 1651 1929 uberiori
1669 1875 1797 1947 egendum
1816 1877 1868 1930 crit
1886 1879 1972 1931 elabo-

393 1983 439 2020 ren
457 1961 605 2036 principali
624 1955 791 2012 concedende
810 1954 840 2006 in
859 1955 925 2006 dict.
948 1949 1016 2002 Nos.
1039 1943 1159 2016 disponi-

1207 1955 1321 2005 ratione.

394 2059 454 2116 tur,
475 2047 514 2102 uti
532 2044 618 2099 simili
638 2039 785 2112 aliquando
800 2038 904 2092 retione
921 2029 1077 2106 respondit,
1096 2028 1114 2080 1.
1132 2027 1159 2079 31
1244 2035 1389 2099 Effectum,
1410 2036 1474 2090 pum
1491 2057 1546 2092 non
1564 2040 1673 2110 qupdem
1691 2041 1776 2112 ipsius
1801 2043 1972 2112 obugauonis
2012 2055 2040 2096 Η

393 2140 554 2187 43343343313
577 2139 619 2180 43.
637 2134 659 2190 ς.
667 2125 728 2196 fin·
736 2119 778 2193 Ι.
791 2121 824 2176 de
831 2119 959 2192 fideiuss.
978 2117 1069 2170 61333.
1083 2112 1121 2166 ad
1131 2112 1157 2164 3.
1168 2175 1173 2184 ,

395 2221 470 2274 1333.
490 2227 515 2268 4.
533 2209 777 2268 33331343333314.

1208 2119 1312 2173 vinculo
1331 2123 1486 2188 exonerari,
1505 2123 1551 2177 sed
1570 2125 1660 2177 soltint
1679 2125 1712 2178 eb
1730 2127 1886 2179 executione
1904 2127 1972 2179 libe·

1210 2203 1264 2256 ruri
1283 2203 1418 2270 diximus,
1438 2222 1490 2258 non
1507 2207 1616 2278 quidem
1636 2209 1809 2280 simpliciter,
1828 2221 1873 2262 eut
1891 2212 1920 2263 in
1936 2221 1974 2264 to-

327 2314 358 2360 44
430 2302 569 2362 Formam,
587 2311 653 2367 quise
670 2309 718 2366 per
734 2287 920 2361 subsequentis
945 2283 1023 2377 nobis
1045 2283 1160 2337 declare-
1213 2300 1284 2356 eum,
1318 2308 1349 2344 ω
1379 2308 1464 2361 ΜΨ
1485 2303 1590 2360 umen,
1614 2293 1696 2348 donec
1713 2297 1874 2368 Principalis
1894 2297 1975 2350 suem

398 2396 442 2438 tut
469 2383 565 2446 serbo,
590 2381 678 2434 33333
701 2372 863 2444 principalis
878 2387 928 2442 per
938 2368 1059 2440 judicem
1078 2381 1162 2437 usque
1213 2375 1332 2446 legium,
1351 2391 1484 2430 mum
1501 2377 1536 2430 E,
1554 2379 1623 2432 hm
1640 2381 1786 2450 ,mmor
1804 2379 1975 2435 ,munimus

329 2484 358 2527 tt
398 2468 437 2526 33
455 2465 596 2520 socculum
624 2476 756 2516 excussus
778 2456 893 2512 3311433.
918 2455 1010 2507 Donec
1030 2452 1161 2520 inquom,

1214 2459 1297 2511 fuisse
1315 2469 1433 2513 mentem
1452 2460 1586 2531 quilibet,
1606 2461 1697 2516 luliori
1722 2466 1795 2518 Nou.
1815 2474 1837 2515 4,
1852 2485 1875 2518 3.
1893 2479 1912 2518 4.
1926 2481 1973 2516 34-

397 2569 464 2625 quoe
481 2549 569 2604 433314
588 2564 650 2600 cum
669 2554 696 2598 34
713 2540 877 2596 conditionis
896 2538 914 2590 1.
936 2530 1028 2603 34.Ι.
1045 2531 1160 2630 dedolo
1212 2543 1333 2613 penam,
1353 2543 1559 2614 pemihfim,
1578 2544 1594 2596 d
1597 2547 1712 2617 eprehm
1715 2547 1805 2615 derit,
1823 2569 1874 2622 qu·
1900 2547 1934 2602 d.
1951 2565 1980 2602 Ν

398 2635 473 2691 molo
506 2642 534 2686 et
560 2627 733 2684 limitationis
758 2626 778 2677 1.
800 2635 839 2678 43.
857 2631 879 2686 t.
902 2633 927 2676 4.
934 2615 977 2689 Ι
995 2617 1028 2672 33
1046 2615 1161 2672 condoct-
1214 2628 1329 2682 infgfm,
1346 2629 1434 2700 capite
1456 2641 1480 2681 4.
1499 2629 1631 2704 prolixius
1643 2631 1780 2705 egendum.

386 2717 465 2792 sust.
482 2719 500 2774 1.
519 2713 610 2788 44.Ι
629 2714 664 2770 33
680 2710 798 2768 3333134.
815 2707 913 2764 13331.
925 2705 963 2759 314
981 2711 1053 2770 3343,
1066 2700 1164 2756 merito

1027 2909 1276 2982 CAPUT
1321 2911 1367 2981 tt.

872 3139 929 3207 De
952 3133 1105 3226 subjecto
1124 3128 1277 3225 beneficii
1301 3143 1519 3208 excussionis.

586 3375 930 3436 SUMHARJA

409 3557 610 3616 destruction.
631 3565 655 3608 4.

403 3635 678 3713 Datursidep'utsori.
696 3651 724 3686 n.
745 3642 771 3684 3.

404 3729 529 3800 Eiusque
546 3719 712 3778 haeredibus.
733 3733 761 3768 3.
782 3726 808 3767 3.

403 3812 496 3870 113413.
516 3828 544 3861 3.
565 3816 589 3859 4.

406 3901 456 3952 An
466 3887 631 3967 fidejussori
643 3901 672 3943 33
691 3895 721 3940 ut
735 3882 918 3954 principalem
936 3875 1080 3951 obliganti,
1093 3893 1167 3930 coos·

438 3978 537 4049 petat?
555 3991 584 4026 3.
603 3984 627 4024 s.

404 4062 539 4120 1134134333
558 4066 582 4108 4.
599 4071 651 4126 pro
670 4049 810 4124 negativo.
829 4065 858 4100 n·
879 4059 903 4098 3.

407 4142 602 4213 1114413ςυί4433.
618 4155 646 4190 3.
667 4149 690 4188 4.

408 4229 545 4286 Rationes
565 4237 589 4278 3.
605 4239 658 4292 pro
679 4217 732 4289 3Ι.
751 4237 780 4272 3.
800 4229 825 4271 4.

404 4307 560 4380 Responsio
580 4304 618 4360 33
634 4303 758 4358 rationes
774 4297 940 4355 contrarios.
959 4314 987 4350 n.
1006 4305 1032 4347 3.

407 4399 456 4450 An
475 4392 555 4446 detur
560 4384 726 4460 fidejussori
740 4383 790 4440 3341
802 4383 965 4454 juramento
983 4374 1121 4449 obligato?
1138 4393 1166 4430 3.

445 4490 485 4533 141.

405 4567 465 4620 Pro
484 4559 624 4634 34334133.
644 4575 673 4610 n.-
696 4566 736 4608 tt.

404 4650 549 4708 Reciditur
567 4643 749 4717 affirmative.
771 4659 799 4694 n.
821 4651 861 4692 43.

408 4733 483 4806 Quid
492 4741 616 4804 operetur
629 4729 681 4783 1433
686 4724 900 4798 juramentum?
917 4745 945 4780 3.
967 4738 1009 4779 43.

405 4816 569 4887 Fideiussor
585 4809 775 4869 indemnitatis
791 4807 869 4879 quir?
886 4823 912 4860 44.
934 4820 974 4862 44.

409 4907 458 4959 An
478 4900 505 4956 31
521 4895 610 4967 benef
629 4909 735 4949 3333333.
753 4892 912 4962 competet?
929 4912 958 4946 n.
979 4903 1020 4944 43.

406 4993 441 5044 13
462 4991 596 5057 euentum
613 4973 902 5046 senecturfidep‘utsor
917 4977 1124 5034 indemnitatis?
1141 4995 1169 5032 3.

444 5080 485 5120 43.

412 5155 509 5210 Datur
524 5147 613 5219 benefi
631 5146 938 5202 333333333341433341.
958 5165 985 5200 n.
1003 5155 1042 5198 43.

411 5235 468 5293 set
483 5233 532 5288 331
553 5230 736 5286 313413341333.
755 5248 783 5284 n.
804 5239 844 5284 43.

408 5323 504 5380 Datur
520 5318 599 5372 433413
619 5317 784 5386 hypothecae
799 5315 958 5386 possessori.
975 5333 1003 5369 n.
1025 5324 1064 5367 43.

414 5407 468 5464 333
486 5413 559 5462 retus
576 5412 719 5460 3434344434.
738 5420 765 5458 33.
786 5412 829 5460 44.

1214 3367 1362 3423 1134143433
1378 3368 1525 3441 tripliciter.
1543 3388 1571 3422 n.
1592 3378 1633 3422 34.

1216 3454 1265 3505 An
1285 3455 1394 3508 34333113
1413 3464 1437 3505 4.
1456 3463 1562 3508 mutato
1579 3471 1629 3521 per
1645 3469 1705 3506 3433.
1725 3450 1895 3504 4441344.

1216 3535 1344 3603 Negctur.
1364 3557 1391 3590 3.
1415 3548 1458 3589 ts.

1218 3620 1389 3688 Explicatur
1404 3637 1470 3675 nou.
1493 3627 1552 3672 443.
1571 3637 1598 3672 n.
1619 3629 1661 3670 34.

1219 3703 1320 3772 lienes.
1333 3721 1438 3758 excuss.
1458 3704 1542 3760 datur
1560 3703 1675 3758 33114331
1695 3701 1831 3756 debitoris.
1849 3720 1877 3754 n.
1897 3711 1940 3754 33.

1218 3787 1311 3840 ilatio.
1325 3807 1353 3840 3.
1368 3797 1409 3840 34.

1218 3868 1368 3924 Limitutur
1384 3869 1533 3941 dupliciter.
1553 3889 1582 3922 n.
1603 3879 1644 3922 34.

1218 3957 1267 4008 An
1292 3953 1528 4008 33333133313331
1556 3954 1719 4025 competat?
1744 3955 1808 4007 1134.
1843 3952 1924 4006 dubit.
1953 3972 1982 4006 3.

1257 4051 1299 4092 tt.

1221 4127 1343 4180 Decisio.
1363 4145 1390 4178 rs.
1412 4137 1454 4180 33.

1220 4211 1312 4267 Limit-
1327 4224 1350 4263 3.
1370 4229 1399 4262 3.
1419 4224 1460 4264 so.

1223 4298 1271 4350 An
1290 4295 1425 4349 tutoribus
1441 4293 1493 4348 1433
1511 4293 1600 4364 irenes.
1619 4293 1722 4347 detur?
1740 4311 1768 4345 34.
1789 4304 1831 4344 34.

1218 4381 1286 4453 1133.
1303 4381 1329 4434 31
1345 4395 1440 4434 omnes
1455 4378 1540 4434 timul
1556 4376 1802 4432 administraverit.
1821 4396 1849 4429 3.
1870 4389 1912 4432 43.

1218 4467 1374 4523 Lt'mt'tutur·
1394 4485 1421 4520 34.
1444 4478 1485 4518 33.

1219 4551 1415 4607 sublimitatur.
1434 4569 1463 4602 3.
1483 4561 1525 4603 34.

1218 4635 1345 4690 11434313
1356 4633 1442 4690 313133
1457 4634 1491 4687 31
1505 4633 1572 4705 ipsis
1584 4633 1735 4698 4344331133,
1751 4632 1835 4686 esiam
1853 4651 1911 4687 non
1932 4633 1984 4688 do·

1254 4732 1308 4776 tur.
1322 4741 1350 4773 n.
1371 4732 1412 4773 33.

1221 4803 1329 4859 Franci
1345 4805 1440 4876 opinio
1458 4803 1566 4858 citetur.
1586 4821 1614 4856 3.
1634 4803 1692 4856 33.“

1221 4890 1387 4960 Explicatur
1398 4892 1429 4943 l.
1445 4889 1545 4943 lucius
1548 4887 1589 4958 Ι
1601 4888 1634 4940 33
1648 4887 1721 4941 adm·
1736 4897 1784 4942 tut·
1798 4905 1825 4938 44.
1847 4897 1887 4938 tt.

1221 4975 1356 5030 Rationes
1375 4973 1455 5028 33433
1472 4970 1672 5042 explicationis.
1693 4990 1721 5023 n.
1742 4981 1783 5022 43.

1221 5064 1278 5116 Nec
1289 5060 1344 5114 313
1355 5069 1482 5114 testatore
1497 5055 1635 5129 3311331133
1648 5055 1742 5112 313133.
1762 5075 1790 5108 3.
1810 5067 1863 5107 so.v

1222 5145 1375 5200 limitetur.
1393 5163 1421 5197 n.
1443 5155 1484 5198 43.
1735 5140 1737 5146 ’
1852 5157 1856 5166 ·

1222 5233 1269 5286 An
1284 5237 1421 5299 competet
1435 5229 1510 5301 petri
1533 5247 1569 5283 334
1582 5226 1666 5298 fusto
1674 5225 1738 5297 filii
1754 5235 1885 5280 33333343
1899 5225 1914 5279 ?
1930 5234 1985 5280 334.

1260 5313 1342 5368 dubis.
1361 5333 1388 5366 n.
1410 5323 1450 5365 44.

1223 5398 1417 5472 Distinguitur.
1435 5417 1464 5454 n·
1483 5409 1525 5453 43.

2229 807 2230 902 1

2228 951 2230 1004 t

2228 1111 2230 1174 1
