4478 6350
449 523 500 588 ,ις
955 515 1144 570 orsrcrsr.
1161 517 1198 569 r.
1215 513 1332 570 mser
1350 513 1372 567 1.
1844 513 1898 568 ass

383 636 426 677 11.
444 628 548 693 quaest.
567 629 592 670 1.
610 617 642 670 ln
668 615 763 668 ultims
787 611 944 670 necessitate
968 612 1144 684 aegritudinis
1230 617 1329 664 Verum
1349 614 1378 664 in
1400 611 1443 666 tali
1462 621 1533 667 statu
1550 613 1720 678 constitutus,
1745 611 1844 684 quibus
1866 629 1964 666 acceu-
2003 623 2018 667 1

383 725 446 760 snae
465 702 556 775 positi.
576 704 648 755 Can.
666 699 777 771 siquis.
803 710 830 751 ².
855 700 1008 767 depuerit.
1032 697 1095 749 dist.
1120 708 1145 748 1.
1197 697 1251 749 seri
1270 694 1377 752 debeat?
1394 714 1459 748 num
1480 696 1609 750 morosis?
1626 715 1659 750 an
1678 715 1740 752 sero
1759 695 1848 750 viris?
1864 697 1930 750 olim
1950 717 1965 750 a

382 793 443 843 lloc
461 805 565 859 quoque
582 785 676 838 adduci
697 795 785 856 posset
802 783 883 846 illud,
901 783 971 852 quod
987 782 1097 834 babetur
1117 778 1145 830 in
1196 779 1285 848 macrii
1310 781 1427 832 nominis
1457 779 1629 849 Philosophia
1650 791 1676 834 et
1698 779 1774 833 scits
1797 779 1849 836 luit
1878 782 1967 834 disce·

387 872 493 924 Il'oodl.
515 881 556 924 ts.
574 886 598 921 c.
618 881 642 920 ε.
664 864 715 918 υπὸ
728 870 776 924 τῆς
794 864 820 917 is
839 870 876 918 τῶ
893 864 1004 914 &sisu
1021 860 1147 932 rapaxrlc
1197 873 1304 931 ptatsrm.
1325 864 1417 918 Refert
1434 863 1484 917 bac
1504 866 1538 917 tle
1557 883 1586 918 re
1600 865 1631 914 Δ.
1657 865 1760 918 Gellius
1777 865 1823 918 lib.
1843 878 1868 918 s.
1887 868 1967 918 Noct.

382 970 633 1024 στενοχορουμινος,
649 949 719 1020 quod
737 951 848 1018 Gregor.
876 946 1027 1000 lloloander
1052 945 1146 1005 vertit.
1198 948 1282 1002 Auia.
1301 967 1323 1002 c.
1347 961 1386 1002 ts.
1404 951 1557 1020 exemplum
1576 951 1657 1002 Tauri
1677 951 1848 1020 Philosophi,
1865 951 1900 1003 ad
1919 970 1968 1005 cu·

384 1038 484 1093 Hortis
498 1033 705 1104 perturbatiore
718 1049 842 1102 prossus,¹
853 1025 1048 1100 significantius
1061 1038 1148 1080 umen
1197 1033 1241 1099 jus
1259 1049 1370 1084 coenam
1387 1032 1485 1093 iocati,
1503 1034 1550 1103 qni
1568 1034 1625 1103 ipsi
1644 1035 1780 1102 conisuscti
1798 1045 1884 1095 erant.
1904 1053 1968 1088 mrsu

382 1124 454 1176 idem
477 1120 615 1174 transtulit
631 1119 759 1186 volgatus
783 1120 930 1186 loterpres:
954 1131 1006 1182 pro
1031 1112 1149 1164 taamultu
1198 1115 1312 1182 aeguum
1327 1129 1354 1170 et
1370 1119 1536 1184 quaestiones
1548 1119 1677 1185 quasdam
1697 1118 1818 1186 prolerre
1835 1119 1905 1172 soliti
1926 1136 1968 1171 es-

384 1205 481 1259 mortis
497 1203 679 1272 anguso'asus.
689 1202 832 1256 Germanis
846 1201 909 1252 baec
920 1200 1016 1251 usitata
1028 1205 1089 1248 sunt
1104 1196 1149 1262 Sy·
1199 1211 1272 1264 sent,
1290 1201 1436 1269 quaesitum
1450 1213 1501 1261 est.
1514 1202 1622 1268 qrrundo
1636 1201 1752 1254 moriens
1764 1214 1922 1256 moreretur:
1933 1218 1968 1254 an

385 1307 515 1358 aouyms,
533 1290 584 1341 der
599 1287 649 1338 mil
665 1288 727 1340 dens
746 1285 820 1338 Tode
832 1283 937 1352 mages,-
954 1281 1015 1334 ἀπ’
1027 1280 1077 1332 der
1091 1275 1152 1330 Τθᾶ
1200 1302 1262 1336 curu
1275 1285 1329 1352 jam
1343 1286 1370 1336 in
1382 1296 1466 1336 morte
1476 1283 1563 1338 esset?
1574 1303 1607 1338 au
1620 1295 1677 1338 tom
1689 1282 1783 1338 etiami
1800 1303 1862 1338 cum
1874 1285 1903 1336 io
1915 1285 1967 1338 sita

386 1373 446 1445 aus
455 1371 505 1424 der
523 1374 616 1438 Zunpe
633 1371 720 1426 silace-
1202 1367 1268 1420 l'oret
1281 1377 1333 1420 etc.
1354 1373 1450 1422 etnam
1468 1367 1541 1420 enim
1560 1370 1659 1422 lacrum
1676 1367 1768 1432 diras,
1787 1367 1903 1422 alsa&
1925 1375 1968 1418 ar·

423 1457 506 1508 Porro
523 1455 593 1508 circa
610 1454 757 1508 Effatorum
777 1451 944 1509 sombolum.
956 1445 1027 1518 qnod
1039 1441 1149 1515 quidem
1201 1470 1252 1521 que
1269 1451 1383 1504 ridicule
1400 1452 1522 1504 diceris.-
1539 1453 1677 1523 rnalroque
1693 1451 1838 1505 absurdius
1862 1450 1968 1504 videbi·

386 1537 920 1610 geneniiapnemiilentisspanhem
934 1530 1088 1585 sitserbum
1102 1528 1148 1582 nd·
1202 1545 1260 1599 tor,
1278 1537 1305 1590 si
1320 1547 1368 1590 aad
1391 1547 1534 1608 utrumque
1558 1555 1615 1590 em
1638 1534 1731 1603 dicias,
1756 1547 1806 1589 aut
1829 1549 1965 1592 neum.

387 1623 495 1676 rnodum
514 1632 623 1682 notum,
641 1622 711 1673 nibil
730 1621 774 1672 bic
793 1628 885 1670 notatu
897 1618 1006 1684 dignum
1021 1613 1152 1674 occurrit,
1202 1622 1259 1672 sed
1275 1641 1308 1674 ea
1327 1622 1424 1674 omnia
1442 1641 1504 1676 cum
1517 1621 1660 1690 captiones
1678 1635 1735 1674 esse
1755 1619 1970 1692 quidmssrls'ies

386 1707 442 1760 ῃῑςῑ
466 1706 530 1769 hoc,
553 1703 624 1773 quod
649 1706 803 1774 impensori
827 1715 854 1756 et
880 1702 1059 1754 balbutientes
1080 1697 1154 1766 loqui
1205 1713 1231 1754 et
1247 1704 1345 1757 inanes
1362 1705 1495 1758 dicerent.-
1515 1705 1623 1770 Nolite,
1649 1705 1739 1774 inquit
1761 1706 1878 1769 Taurus,
1897 1707 1966 1758 laea

388 1791 526 1852 dicantur,
538 1789 680 1858 eaderuque
693 1792 733 1842 ris
748 1791 880 1843 tribuatur
893 1789 992 1851 dictis,
1006 1802 1071 1837 uuae
1085 1781 1155 1837 forte
1204 1788 1284 1858 quasi
1301 1807 1436 1857 nugarum
1456 1790 1574 1860 aliquem
1587 1789 1679 1842 iudum
1692 1789 1842 1858 aspernari.
1860 1789 1970 1843 Gravis.

388 1871 539 1926 balbutiens
557 1871 645 1938 lingua
665 1871 799 1941 proludit.
816 1889 895 1940 quam
913 1887 978 1938 quse
1000 1868 1068 1919 atius
1094 1881 1154 1935 per·
1203 1871 1269 1924 simi
1284 1871 1514 1940 Philosophorum
1529 1888 1612 1939 super
1623 1875 1675 1926 bac
1692 1891 1722 1924 re
1738 1872 1811 1924 serio
1828 1871 1968 1940 quaesiue-

389 1955 459 2010 lecte
471 1967 498 2010 et
510 1957 647 2009 articulate
660 1957 755 2009 ellstus
768 1965 816 2008 est.
832 1957 849 2006 l.
862 1955 993 2024 quoniam
1011 1950 1154 2018 indignum
1206 1964 1288 2006 rrsrrt:
1307 1959 1348 2007 Ar
1371 1955 1423 2008 olii
1443 1955 1579 2009 moriendi
1594 1957 1709 2010 verbum
1728 1966 1857 2009 manente
1882 1956 1970 2008 aditae

392 2053 432 2094 ts·
450 2043 484 2095 C.
502 2039 535 2094 dc
557 2043 671 2092 Terram.
689 2039 743 2092 Nec
759 2037 844 2109 quoad
864 2039 912 2090 hoc
931 2038 984 2090 sibi
1003 2033 1155 2088 «solurius
1204 2039 1265 2092 vita
1283 2039 1339 2092 dici
1355 2049 1437 2110 atque
1444 2038 1516 2107 ficri
1530 2049 1706 2110 putauerunt:
1726 2039 1777 2094 alii
1792 2038 1863 2091 nibil
1878 2037 1907 2091 in
1933 2057 1967 2093 ea

390 2134 431 2178 est
456 2125 626 2178 lastinianus
644 2125 673 2176 in
691 2126 708 2176 l.
730 2125 865 2194 jubemus.
892 2135 933 2174 11.
959 2123 991 2178 C·
1018 2119 1079 2175 coti.
1102 2117 1156 2170 Ubi
1205 2133 1324 2190 tempore
1342 2122 1418 2179 uitae
1437 2124 1621 2191 reliquerant.-
1637 2133 1777 2192 solumque
1792 2122 1877 2187 iilud,
1896 2123 1971 2193 qaod

390 2225 468 2271 eoru,
486 2209 532 2278 qui
551 2209 690 2262 orimum
705 2209 776 2278 loqui
796 2209 901 2277 ncqrdt,
920 2215 1023 2258 mortuo
1037 2204 1155 2256 similem
1207 2205 1280 2258 mori
1293 2205 1407 2272 dicitur,
1419 2207 1504 2259 morti
1513 2205 1730 2260 vindicarentur.
1749 2205 1803 2258 Sed
1813 2206 1914 2271 Plato,
1927 2207 1969 2260 in·

390 2305 463 2351 esse,
487 2301 513 2341 el
536 2287 679 2340 falsitatem
706 2289 734 2340 itt
758 2289 851 2356 elogiis
870 2287 1003 2339 wmmilli
1028 2283 1155 2338 affirmet·
1205 2291 1263 2362 quit
1295 2303 1400 2357 norm,
1420 2309 1507 2362 neque
1524 2290 1600 2343 vitae
1616 2290 1776 2358 illimus,
1791 2309 1876 2360 neque
1889 2291 1973 2344 morti

329 2423 334 2430 .
391 2372 448 2424 llic
467 2389 579 2442 umque
596 2373 762 2426 inarticulate
780 2374 888 2442 lunens
906 2389 958 2422 non
977 2370 1092 2434 dicitur,
1109 2369 1157 2439 qni
1207 2374 1294 2427 dedit:
1312 2375 1436 2445 r'rlemque
1453 2377 1482 2428 in
1495 2374 1573 2426 omni
1582 2371 1764 2426 consimilium
1776 2389 1868 2426 raram
1882 2373 1969 2427 usu·

394 2453 589 2522 quodammodo
606 2465 652 2506 aut
671 2453 825 2528 imperfecte
849 2457 918 2524 loqui
939 2462 966 2504 et
984 2453 1023 2504 sic
1041 2452 1157 2520 intelligi
1206 2456 1410 2527 praeioaeficis.
1430 2457 1613 2529 Viditqor'ppe
1621 2468 1827 2527 arrumqaeesse
1836 2473 1974 2526 pugnans,

393 2547 494 2607 potest,
514 2538 559 2592 sed
579 2539 738 2608 indigitetur
763 2540 798 2601 is,
823 2539 868 2608 qui
895 2540 972 2608 plane
993 2547 1082 2589 mutus
1100 2545 1156 2600 est,
1208 2562 1294 2614 neque
1309 2559 1389 2611 posse
1406 2561 1442 2595 «ι
1460 2541 1564 2594 &potus
1578 2541 1738 2606 contrariis,
1754 2542 1839 2592 altem
1854 2559 1971 2594 mmm.

391 2637 440 2672 nec
457 2632 561 2692 praeter
584 2641 677 2676 sonmo
701 2622 803 2694 aliquid
821 2622 958 2675 verborum
977 2621 1055 2674 edere
1073 2623 1158 2686 salet,
1207 2637 1247 2690 re,
1271 2628 1385 2680 alst-mm
1410 2625 1554 2680 coassumi.-
1584 2623 1824 2695 quaestionemque
1833 2622 1907 2694 fieri
1921 2643 1974 2696 par

390 2706 430 2758 uti
445 2707 508 2761 baec
520 2707 626 2778 phrasis
639 2709 786 2779 explicatur
799 2710 826 2760 io
846 2711 879 2762 L.
899 2707 992 2760 Labeo
1007 2717 1030 2756 1.
1049 2703 1073 2776 §-
1091 2710 1156 2758 Ser-
1206 2710 1370 2762 diomomm
1390 2711 1463 2764 tuter
1477 2727 1506 2762 se
1514 2707 1637 2778 flamm,
1658 2709 1754 2761 mano
1769 2719 1797 2760 es
1812 2708 1904 2772 orsae,
1921 2727 1971 2762 ω.

393 2791 459 2844 vias.
479 2802 504 2842 1.
511 2791 554 2862 ff
572 2794 598 2844 d.
615 2795 715 2864 Supell.
739 2793 792 2863 leg.
815 2811 894 2862 quam
920 2801 950 2843 ut
973 2791 1063 2844 Celsus
1086 2789 1112 2840 d·
1137 2789 1157 2839 i·
1208 2793 1386 2846 haerentium.
1405 2793 1483 2846 Etid
1496 2793 1568 2846 circo
1580 2793 1685 2861 peperit
1699 2793 1772 2858 ipse,
1791 2792 1973 2864 capressilpae

392 2875 537 2944 elegantius
566 2877 717 2948 exprimat,
743 2892 858 2945 graecam
885 2875 995 2945 phrasin
1025 2873 1100 2925 sddil
1123 2891 1156 2930 τη
1207 2877 1286 2932 aliud
1299 2876 1435 2946 quodiam
1454 2894 1553 2930 nouum
1572 2876 1602 2929 in
1619 2876 1743 2947 confinio
1761 2885 1879 2944 tempu,
1899 2875 1975 2948 puori

392 2959 515 3031 ‹irripipsp
532 2979 621 3030 γυνη,
641 2979 702 3014 soce
718 2959 839 3013 articulis
857 2975 909 3010 non
928 2965 1079 3019 crustante,
1097 2957 1116 3007 i·
1135 2975 1158 3008 e.
1208 2960 1299 3013 cerlis
1318 2960 1437 3030 propriis
1454 2962 1542 3030 larque
1559 2959 1673 3029 integris
1692 2957 1741 3016 eia
1755 2956 1874 3030 δξαὶφιις
1894 2977 1974 3031 quasa

394 3039 569 3108 indistincta,
588 3045 713 3108 confusa,
732 3045 766 3098 de
784 3043 858 3109 cujus
870 3042 1007 3094 intellecto
1025 3058 1077 3092 non
1096 3057 1158 3092 mn·
1209 3043 1389 3112 (repentinam
1409 3046 1563 3113 naturum)
1586 3044 1749 3114 appellauit.
1769 3048 1888 3106 Verum,
1902 3047 1975 3113 qrsod

394 3133 465 3200 stat,
478 3144 530 3195 qoo
543 3137 645 3197 spectat
658 3128 724 3182 ittud
739 3127 892 3181 Aristotelis
904 3124 951 3179 tit.
967 3132 990 3174 t.
1010 3123 1043 3178 de
1060 3123 1157 3177 Apim.
1210 3132 1285 3199 longa
1304 3129 1350 3180 bic
1369 3128 1439 3181 serie
1456 3139 1480 3182 ct
1498 3129 1638 3184 subtilitate
1660 3125 1776 3194 disponit
1789 3123 1981 3196 Philosophus,

396 3209 497 3278 Λρθρον
521 3227 568 3270 ms
592 3215 770 3282 φυνηςποιιίιι.
792 3212 830 3263 lts
855 3225 958 3279 qrsoque
983 3207 1097 3260 sensisse
1115 3207 1157 3258 io·
1206 3213 1328 3284 quamvis
1348 3211 1383 3262 de
1400 3229 1432 3264 eo
1451 3222 1550 3266 mnusm
1570 3209 1682 3277 intelligi
1701 3209 1806 3272 debeat,
1823 3209 1910 3278 spsiio
1928 3228 1974 3264 ex·

395 3291 529 3359 telligitur
550 3292 874 3360 conmemoratio
894 3301 945 3345 nol
962 3295 1002 3342 ad
1023 3289 1050 3342 d-
1073 3290 1092 3342 1.
1118 3303 1157 3342 ts.
1206 3297 1299 3351 tremis
1316 3295 1383 3349 citae
1397 3291 1892 3365 necisquscool'sniisetl'hilosophico
1903 3313 1979 3362 nim.¹

397 3376 425 3428 C.
444 3375 477 3427 de
501 3378 618 3428 Tectam.
639 3395 667 3428 n.
689 3391 730 3430 ts.
1206 3381 1241 3434 tis
1257 3379 1372 3433 articulo
1391 3379 1523 3444 subsistit,
1540 3394 1708 3447 nequaquam
1726 3373 1893 3432 mmenreme
1910 3396 1975 3432 cou-

282 3453 285 3460 '
427 3457 509 3509 nisce
527 3458 683 3527 praemissis
702 3469 821 3512 revertor
838 3458 871 3510 sd
890 3459 974 3529 ipsam
988 3458 1087 3511 mtem
1097 3475 1157 3510 ooo
1208 3463 1293 3518 cludit
1310 3480 1373 3514 cum
1392 3463 1500 3516 Plauto
1519 3461 1705 3529 spanianum
1730 3460 1765 3512 ‹te
1781 3469 1876 3514 neutro
1893 3463 1974 3530 panl-

393 3538 581 3593 siderationem
602 3537 787 3606 Agonisantis,
805 3542 880 3605 cuius
898 3537 1085 3592 definitionem
1106 3557 1154 3592 uo·
1209 3550 1317 3618 cipum
1335 3548 1421 3602 Parit}
1441 3548 1543 3600 racione
1559 3563 1611 3599 nec
1629 3545 1660 3598 id
1679 3543 1816 3615 probabile
1832 3553 1887 3608 cst,
1912 3563 1975 3600 eoas

391 3625 435 3678 bis
448 3625 610 3680 traditPaol.
620 3625 744 3678 Zuccbias
756 3624 938 3695 quaeremur.
951 3625 1001 3695 lep.
1017 3625 1042 3678 d.
1055 3624 1073 3676 i·
1088 3643 1117 3677 a.
1132 3637 1157 3677 s.
1208 3635 1242 3685 de
1259 3643 1369 3702 utroque
1386 3631 1550 3700 participare
1566 3629 1655 3696 (licet
1671 3627 1724 3680 duo
1742 3626 1873 3682 contraria
1885 3627 1975 3682 eidem

391 3709 461 3780 quod
476 3709 512 3762 sil
525 3709 564 3774 is,
578 3709 627 3780 poi
636 3729 673 3762 ea
684 3720 832 3776 superante
840 3711 903 3781 jam
918 3713 1012 3764 monio
1024 3720 1157 3764 certatura
1208 3715 1325 3784 subjecto
1343 3713 1373 3764 in
1386 3713 1515 3782 gradibus
1527 3711 1650 3765 recissis
1663 3711 1749 3764 inesse
1761 3709 1861 3762 niallam
1870 3708 1974 3778 impor-

391 3803 532 3864 prostrora
552 3794 674 3847 ιιιιίιιιαιιι
688 3792 1016 3867 ffasurrudeproximo
1029 3804 1076 3848 est.
1094 3797 1158 3848 Vid.
1205 3811 1241 3855 tet
1257 3797 1462 3860 absurditatem,
1479 3795 1615 3867 quomodo
1633 3794 1799 3865 praedictam
1821 3792 1976 3848 unorum

394 3888 422 3932 et
436 3878 531 3930 Glsssa
546 3877 573 3929 in
585 3896 626 3948 pr.
640 3879 670 3929 J.
683 3877 708 3930 d.
722 3881 786 3947 Leg-
795 3879 941 3934 roscen.
952 3880 1009 3931 toll.
1023 3879 1085 3948 inf
1099 3883 1159 3934 Ste·
1207 3880 1306 3937 reicllit
1322 3881 1469 3950 Polydorus
1480 3881 1551 3950 ilipa
1560 3881 1595 3934 de
1604 3877 1683 3933 Actis
1696 3878 1724 3932 iu
1739 3887 1819 3932 mort.
1830 3875 1907 3932 artic.
1917 3894 1975 3947 cap.

393 3961 474 4032 phun.
488 3961 582 4029 llsoys.
593 3961 678 4014 lodic.
686 3961 771 4031 jurid.
785 3962 813 4014 in
828 3962 903 4015 verb.
919 3964 1051 4016 Moriens.
1064 3965 1149 4033 Quam
1208 3979 1250 4020 so.
1264 3985 1291 4018 n.
1308 3977 1348 4018 11.
1362 3974 1388 4016 es
1400 3965 1492 4036 seqq.)
1505 3963 1611 4018 Etenim
1621 3961 1777 4016 rocabulum
1786 3961 1859 4014 Mori
1869 3961 1899 4014 in
1912 3981 1975 4033 pro-

394 4045 437 4096 ris
455 4055 541 4098 autern
560 4043 608 4096 alii
627 4043 705 4113 bajus
723 4041 911 4100 definitionem
934 4046 967 4099 ad
991 4047 1155 4103 Medicorum
1207 4049 1268 4121 prio
1285 4061 1424 4118 acceptum
1445 4042 1596 4117 significatu
1612 4047 1748 4111 volumus,
1765 4057 1894 4115 quacum
1918 4044 1975 4100 slis-

397 4128 538 4181 remittant
549 4126 678 4196 judicium
689 4165 697 4193 ‚
709 4139 739 4182 ot
750 4128 841 4182 ridere
854 4139 894 4184 csl
906 4130 976 4202 apud
984 4129 1078 4185 Frons.
1091 4133 1158 4185 Bur·
1207 4133 1362 4204 witrionem
1380 4132 1485 4184 animae
1497 4142 1523 4184 et
1541 4129 1662 4199 corporis
1680 4131 1791 4184 denotat.
1804 4127 1976 4198 Ubicumque

395 4223 491 4264 satum.
510 4211 597 4267 Cons-
619 4222 649 4264 ss
670 4230 722 4262 .ιι.
736 4222 779 4264 ss.
793 4223 819 4264 et
831 4215 917 4268 Coss.
936 4223 977 4266 lo.
991 4231 1019 4266 ιι.
1036 4224 1079 4268 11.
1091 4216 1157 4268 ltus-
1208 4219 1297 4287 itaque
1313 4215 1402 4268 anima
1425 4233 1441 4267 s
1468 4231 1582 4284 corpore
1604 4212 1749 4278 dissoluta,
1776 4211 1815 4266 ibi
1839 4211 1976 4266 homiaem

391 4309 446 4363 ger.
465 4293 578 4348 lloland.
594 4295 621 4348 d·
647 4294 793 4350 Commirs.
812 4296 860 4349 tit.
879 4308 902 4347 1.
922 4315 946 4350 c·
968 4308 1008 4349 11.
1027 4316 1056 4350 ιι.
1083 4311 1108 4350 1.
1128 4297 1158 4350 ld
1209 4313 1340 4354 mortuum
1361 4315 1554 4360 asseveramuss
1571 4296 1619 4350 obi
1637 4313 1699 4350 sero
1710 4293 1974 4350 eademadbucccr-

392 4387 482 4431 tamen
502 4380 591 4449 potius
608 4379 642 4434 ad
659 4379 857 4452 probationem,
877 4398 910 4432 ao
928 4381 1026 4450 aliquis
1037 4379 1066 4432 in
1076 4399 1159 4450 agone
1207 4386 1267 4457 pori
1284 4387 1386 4453 juncta,
1405 4382 1445 4436 ibi
1462 4381 1559 4436 sirum.
1577 4380 1637 4435 Nou
1655 4381 1750 4452 poterit
1766 4399 1828 4450 crgo
1846 4379 1893 4434 illa
1913 4382 1976 4435 orri-

392 4463 441 4524 sit,
460 4479 494 4516 an
513 4479 583 4527 non,
601 4462 770 4516 referendum
791 4463 933 4527 existimo,
952 4463 1051 4534 quippe
1063 4464 1095 4516 de
1107 4484 1159 4534 quo
1209 4466 1298 4532 lucre,
1323 4466 1378 4520 nisi
1398 4466 1432 4519 rle
1456 4467 1608 4534 conjunctis
1633 4465 1793 4535 praedicari.
1813 4465 1845 4519 Si
1864 4466 1978 4534 conjun-

392 4545 558 4599 Medicorum
576 4555 618 4600 est
634 4547 764 4617 judicium
779 4549 865 4611 ferre,
882 4547 927 4618 qui
947 4562 980 4598 ex
995 4547 1080 4600 morbi
1098 4567 1158 4601 can·
1209 4551 1262 4605 ctio
1274 4552 1363 4604 adbuc
1381 4551 1471 4614 adest,
1495 4548 1547 4604 rita
1564 4550 1652 4612 adem,
1669 4548 1735 4602 licet
1751 4548 1779 4600 in
1799 4548 1893 4602 ultimo
1914 4548 1978 4618 quis

392 4647 434 4692 sa.
453 4641 547 4686 natura
566 4640 594 4683 et
611 4631 792 4686 occidualibus
805 4632 878 4686 sacili
891 4631 997 4700 negotio
1008 4632 1056 4684 hoc
1068 4632 1157 4685 ‹ieter-
1209 4635 1321 4689 articulo
1340 4635 1511 4698 constitutus,
1530 4643 1556 4687 et
1570 4649 1664 4686 omues
1681 4631 1785 4686 enimse
1798 4631 1974 4686 facultatcsac

393 4715 540 4768 minabunt.
554 4715 630 4769 Circa
649 4717 855 4787 explicationem
875 4717 953 4784 hujus
971 4713 1159 4786 descriptionis
1209 4735 1303 4771 sensus
1317 4735 1366 4786 per
1379 4727 1490 4770 mortem
1503 4717 1755 4788 appropinquantem
1774 4727 1836 4769 nanc
1856 4715 1912 4770 iere
1925 4717 1976 4770 ins-

392 4816 447 4850 oon
465 4817 511 4852 ero
527 4816 669 4870 operosus,
688 4817 746 4853 cum
763 4802 855 4854 eadem
869 4819 914 4856 soa
928 4802 985 4852 luce
999 4799 1098 4863 radiet,
1112 4818 1159 4854 nec
1210 4803 1358 4872 pediantur.
1379 4801 1433 4854 Sed
1451 4799 1515 4854 haec
1535 4800 1712 4854 consideratio
1736 4799 1845 4871 proprie
1868 4817 1919 4854 noo
1939 4812 1979 4856 cst

395 4885 535 4952 quicqum
553 4885 583 4934 in
602 4900 630 4936 se
648 4885 784 4936 contineat
802 4885 957 4938 dubietatis.
975 4883 1091 4937 Unicum
1109 4885 1158 4938 hoc
1210 4885 1289 4955 hujus
1305 4883 1375 4944 locl.
1394 4883 1428 4936 ad
1446 4901 1525 4953 mam
1542 4895 1628 4938 tamen
1646 4884 1794 4954 respexisse
1805 4881 1885 4936 credo
1898 4883 1977 4937 Glos-

394 4975 495 5020 tautnm
520 4965 602 5029 addo.
626 4965 696 5037 quod
714 4963 764 5018 sub
783 4967 875 5020 eadem
902 4967 1161 5038 comprehendantur
1209 4986 1263 5022 sam
1276 4969 1304 5020 in
1317 4966 1409 5040 hfirs.
1414 4966 1456 5037 ff
1469 4985 1551 5040 quan.
1565 4969 1632 5022 alies.
1643 4969 1723 5038 legat.
1741 4977 1863 5022 ereaea
1878 4967 1976 5022 Seli-ss

391 5067 446 5102 non
465 5051 550 5104 solum
568 5050 609 5102 illi
617 5088 626 5113 ,
645 5050 690 5119 qui
710 5051 825 5104 naturali
843 5049 937 5103 morbo
949 5050 1087 5122 defatigati
1099 5052 1158 5105 sni·
1208 5053 1331 5106 Medices
1355 5053 1399 5107 Tr.
1426 5053 1611 5106 Horromniu
1629 5051 1716 5106 soluit.
1735 5053 1815 5106 Part.
1846 5063 1869 5106 1.
1888 5069 1915 5104 ιι.
1938 5064 1978 5105 tt.

391 5151 462 5185 snam
483 5143 546 5186 aaut
562 5132 736 5204 exspiraturi,
750 5134 796 5186 sed
810 5133 1156 5206 etquibusriolcntisqoa·
1207 5157 1268 5194 curn
1282 5140 1337 5194 Dd.
1358 5138 1393 5194 ih.
1413 5137 1456 5192 cis.
1477 5137 1606 5193 llolaoda
1620 5139 1695 5192 Valle
1715 5137 1774 5191 Vol.
1796 5147 1818 5191 1.
1839 5139 1919 5192 Coss.
1935 5147 1976 5191 tt.

393 5213 453 5268 dom
480 5216 627 5270 extrinseca
650 5227 744 5272 nators
763 5226 804 5272 est
827 5228 975 5289 prostrata,
994 5217 1050 5270 imo
1066 5222 1156 5273 omnis
1208 5245 1236 5279 ιι.
1258 5235 1298 5278 11.
1318 5225 1436 5295 aliosque
1454 5223 1583 5295 plurimos
1611 5222 1788 5278 communiter
1812 5223 1977 5278 concludes·

388 5299 469 5352 nsnrti
486 5300 589 5353 ricinus
612 5301 690 5354 nobis
718 5301 889 5372 Agonisantis
916 5301 1040 5358 vocabulo
1063 5305 1152 5369 senit,
1208 5321 1262 5364 tes:
1280 5309 1428 5360 Morientes
1448 5307 1556 5363 mortuis
1575 5307 1661 5378 potius
1680 5325 1762 5378 quam
1786 5307 1854 5364 viris
1878 5323 1976 5364 acces·

391 5401 552 5456 quacumque
568 5383 598 5442 id
614 5385 750 5460 contingat
767 5387 880 5443 mtiouc.
920 5447 924 5454 ,
1208 5390 1263 5446 scri
1283 5390 1388 5446 debere.
