4424 6340
432 534 465 572 ια
807 511 1080 570 PRAEFATIO
1117 513 1177 567 An
1212 511 1487 573 LECTOREM

357 623 437 690 hoec
453 613 621 685 Exercitiu
647 611 779 680 consule
795 622 828 678 et
843 609 1023 678 Volumina
1048 609 1155 678 adhuc
1170 609 1254 700 du0,
1275 636 1377 708 quam
1394 613 1543 704 primum
1563 636 1622 706 per
1638 611 1879 724 Typogruhum
1905 619 1948 686 li·

359 711 482 796 cuerit,
508 716 669 797 exspecta.
684 703 726 768 lu
741 701 794 769 his
811 725 888 770 vero
898 701 1138 768 voluminibus
1152 726 1229 767 cum
1245 713 1422 796 sequentes
1436 701 1549 771 decem
1566 704 1705 772 omissae
1729 722 1795 774 sint
1815 709 1946 776 Disser-

363 801 520 886 (πίω,
543 805 661 887 utpote
677 793 725 884 (ι)
749 791 792 860 de
810 791 923 873 Viso,
939 792 987 882 (2)
1003 790 1045 858 de
1060 790 1144 858 Jure
1158 817 1336 862 coecorum
1351 791 1400 882 (3)
1421 791 1464 860 de
1480 792 1621 862 Audito
1636 794 1686 884 (4)
1702 795 1745 864 de
1761 797 1849 866 Jure
1865 823 1944 867 sui·-

365 893 490 961 dorum
516 903 548 956 et
569 898 745 954 mutorum
761 884 808 974 (5)
832 881 875 949 de
898 881 1044 976 Olfacta
1062 883 1109 974 (6)
1132 881 1174 950 de
1191 883 1306 953 Gustu
1321 885 1370 976 (7)
1386 882 1430 950 de
1450 883 1560 952 Tacta
1578 884 1626 974 (8)
1643 884 1688 952 de
1706 886 1880 956 Memoria
1895 891 1944 979 (9)

364 983 405 1051 de
419 982 503 1050 Jure
520 975 703 1049 oblivionis
713 975 781 1064 (ιο)
790 972 833 1042 de
848 972 936 1042 Jure
951 975 1215 1064 cogitationum,
1232 999 1286 1043 eas
1302 977 1337 1042 in
1352 986 1491 1042 tractatu
1507 974 1551 1044 de
1577 974 1661 1042 Jure
1678 973 1849 1047 Sensuum
1865 1004 1944 1047 oon·

362 1074 507 1168 junctim
528 1066 772 1163 deprehendes3
796 1077 831 1132 et
852 1064 1008 1158 quinque
1031 1066 1133 1132 etiem
1156 1079 1334 1158 sequentes
1349 1064 1398 1154 (1)
1421 1063 1466 1134 de
1485 1063 1707 1136 Successione
1730 1069 1943 1139 descenden-

363 1168 452 1234 tium
475 1167 509 1256 (α
546 1163 591 1231 de
612 1155 829 1226 Successione
852 1155 1127 1225 Ascendentium
1149 1171 1184 1224 et
1204 1155 1469 1223 Collateralium
1484 1156 1532 1247 (3)
1548 1156 1592 1225 de
1608 1154 1829 1230 successione
1850 1163 1945 1232 Con-

358 1261 485 1351 jugum
515 1254 549 1347 4)
572 1253 615 1322 de
632 1247 850 1318 Successione
866 1246 960 1314 Fisci
982 1263 1015 1314 et
1031 1248 1078 1337 (5)
1101 1245 1144 1314 de
1159 1247 1282 1315 Paetis
1299 1244 1549 1330 Successoriis,
1566 1247 1610 1314 ob
1631 1247 1799 1319 desectum
1814 1253 1940 1322 Exem-

365 1335 513 1438 plari'um
528 1341 723 1437 propediem
745 1341 868 1405 iterum
892 1335 998 1430 Typis
1020 1337 1289 1422 comminentur,
1313 1337 1376 1405 sub
1399 1339 1535 1404 nomine
1551 1337 1726 1408 Tractatus
1741 1341 1782 1408 de
1799 1340 1948 1415 Succes-

367 1441 462 1506 sione
478 1435 521 1505 ab
537 1435 723 1518 Inimicum,
732 1427 825 1524 quod
840 1428 891 1495 Te
906 1429 1008 1494 latere
1021 1426 1115 1494 nolui
1132 1426 1225 1494 Bene
1241 1429 1330 1512 vale,
1347 1451 1383 1494 ao
1399 1451 1460 1518 pro
1474 1428 1615 1496 candore
1625 1445 1684 1496 tuo
1698 1432 1808 1498 omnia
1824 1435 1921 1502 caudi
1932 1477 1949 1488 -

367 1527 411 1598 de
426 1529 654 1621 interpretare.
664 1521 796 1597 Dabam
810 1516 1023 1630 Franoofurti
1038 1516 1081 1586 ad
1095 1515 1261 1587 Viadrum
1276 1518 1317 1586 A.
1334 1515 1604 1592 Mucuxxlx.
1621 1517 1763 1590 Ealend.
1779 1521 1947 1595 Novemb.
