4424 6340
458 545 490 608 tl
1023 538 1311 598 PROOEMIO

382 635 461 704 lius.
487 637 533 704 Et
557 635 591 702 in
642 635 710 702 raxi
729 633 933 724 singularem
956 653 992 698 ac
1016 631 1333 726 frequentissimam,
1349 631 1424 700 Joh.
1441 631 1578 702 Mansit.
1595 635 1747 705 Dolanus
1761 637 1805 708 de
1830 639 1953 712 Restir.

382 731 420 792 in
434 732 559 822 integr.
576 750 603 793 c.
618 658 695 794 lot.
713 725 822 815 infin.
840 737 874 791 et
889 736 937 790 est
953 746 988 787 ea
1007 724 1171 812 potissima
1189 722 1280 790 sedes
1296 721 1568 816 Praescriptionis
1586 725 1873 799 conventionalis:
1889 733 1955 800 Sed

382 817 460 900 boc,
476 833 567 886 utex
593 831 668 884 voto
683 815 774 884 cedat
785 815 957 896 Feliciter,
973 812 1051 896 Tu,
1067 813 1222 886 &DEUS
1236 812 1373 905 Optime
1386 813 1546 901 Maxime,
1561 816 1727 910 Spiritum
1746 819 1879 910 Tuum,
1896 822 1957 894 Sa·

381 907 543 1002 pientiam
559 933 595 975 ac
611 910 697 976 vires
711 904 964 974 clementissime
979 903 1116 996 largire!

720 1087 831 1156 Verba
848 1087 975 1155 Textus
989 1089 1027 1150 in
1044 1085 1090 1153 L.
1109 1085 1285 1154 Aemilius
1303 1086 1355 1176 39.
1357 1089 1403 1178 ff
1419 1087 1462 1158 de
1477 1081 1610 1158 Minor.

851 1215 855 1222 ·
915 1175 1044 1246 Paulus
1058 1175 1117 1247 lib.
1138 1202 1166 1245 1.
1183 1177 1418 1245 Decretorum.

473 1357 637 1430 Aemilius
649 1359 816 1428 Larianus
831 1359 874 1426 ab
885 1358 1013 1428 Obinio
1030 1355 1174 1426 fundum
1197 1359 1413 1426 Rutilianum
1437 1359 1527 1452 Lege
1551 1359 1779 1431 Commissoria
1804 1379 1949 1452 emerat,

382 1451 457 1518 data
473 1471 565 1542 parte
582 1452 759 1544 pecuniae,
777 1453 837 1534 ita,
853 1462 891 1515 ut
901 1451 933 1516 si
948 1449 1042 1518 intra
1057 1449 1145 1518 duos
1161 1473 1294 1518 menses
1309 1450 1352 1516 ab
1369 1455 1541 1544 emptione
1557 1450 1683 1545 reliqui
1695 1455 1805 1545 pretii
1816 1473 1949 1548 partem

382 1543 562 1612 dimidiam
575 1565 645 1610 non
660 1543 830 1624 solvisset,
847 1542 1020 1632 inemptus
1034 1556 1139 1608 esset:
1155 1542 1247 1624 item,
1263 1542 1295 1607 si
1310 1544 1408 1608 intra
1423 1541 1511 1609 alios
1528 1542 1616 1610 duos
1629 1565 1760 1613 menses
1777 1545 1949 1640 reliquum

381 1636 530 1723 pretium
544 1659 614 1700 non
631 1647 855 1712 numerasset,
867 1631 1029 1698 similiter
1039 1646 1124 1701 esset
1139 1632 1322 1723 inemptus.
1336 1631 1428 1698 Intra
1438 1633 1564 1723 priores
1573 1633 1654 1701 dnos
1664 1659 1788 1704 menses
1803 1637 1948 1706 Lariano

382 1723 539 1792 defuncto
552 1722 723 1792 Rutiliana
740 1723 912 1815 pupillaris
922 1724 1257 1810 aetatissuecesserat3
1270 1725 1367 1814 cujus
1379 1735 1502 1791 tutores
1512 1724 1548 1789 in
1558 1724 1720 1791 solutione
1728 1742 1945 1796 cessaverunt.
1983 1725 1987 1730 ’

382 1815 557 1894 Venditor,
572 1813 886 1881 denunciationibus
901 1811 1068 1881 tutoribus
1081 1835 1177 1904 saepe
1189 1812 1289 1896 datis,
1306 1824 1377 1904 post
1392 1835 1517 1879 annum
1541 1813 1690 1880 eamdem
1715 1818 1947 1908 possessionem

377 1903 525 1973 Claudio
541 1903 737 1972 Telemacho
752 1904 954 1972 vendiderat.
971 1903 1105 2012 Pupilla
1119 1905 1154 1969 in
1178 1904 1347 1996 integrum
1371 1905 1500 1970 restitui
1523 1903 1747 1990 desiderabat,
1770 1908 1856 1974 victa
1878 1927 1945 1975 tarn

382 1996 471 2086 apud
488 1995 696 2075 Praetorem,
711 2018 811 2087 quam
828 1993 917 2086 apud
933 1993 1142 2062 Praelectnm
1157 1994 1260 2075 Urbi,
1277 2007 1517 2086 provocaverat.
1537 1993 1702 2061 Putabam
1719 1998 1804 2063 bene
1819 1997 1946 2090 judica-

381 2099 475 2167 tum,
500 2086 590 2177 quod
607 2083 705 2152 Pater
720 2089 809 2174 ejus,
826 2107 892 2150 non
908 2087 917 2149 i
944 2111 976 2152 sa
992 2096 1209 2152 contraxerat.
1227 2083 1409 2178 Imperator
1431 2095 1543 2151 autem
1560 2103 1667 2152 motus
1682 2097 1746 2172 est,
1762 2087 1853 2178 quod
1874 2087 1946 2155 dies

376 2175 609 2243 committendi
628 2177 663 2242 in
678 2188 807 2266 tempus
822 2109 969 2266 pupillle
992 2176 1172 2262 incidisset,
1188 2190 1295 2266 eaque
1307 2173 1477 2256 effecisset,
1495 2199 1538 2242 ne
1554 2187 1732 2266 pareretur
1747 2176 1811 2270 legi
1827 2177 1945 2244 vendi-

380 2268 491 2334 tionis.
509 2268 690 2348 Dicebam,
704 2291 794 2356 posse
809 2266 911 2356 magis
926 2289 961 2332 en
987 2267 1115 2332 ratione
1138 2265 1266 2332 restitui
1290 2288 1380 2350 eam,
1405 2265 1496 2358 quod
1516 2265 1688 2350 venditor,
1712 2265 1944 2334 denuntiando

378 2370 452 2448 post
467 2358 576 2440 diem,
593 2381 662 2449 quo
672 2357 838 2446 placuerat
854 2379 922 2423 esse
933 2358 1157 2440 commissum,
1172 2373 1205 2422 et
1220 2355 1368 2445 pretium
1391 2354 1535 2448 petendo
1557 2355 1726 2425 decessisse
1748 2380 1767 2422 a
1791 2357 1863 2450 lege
1885 2381 1944 2424 sua

379 2445 564 2528 videretur,
582 2471 649 2514 non
665 2470 719 2513 me
735 2448 876 2528 moveri,
893 2446 984 2538 quod
1000 2447 1070 2513 dies
1083 2464 1190 2540 postea
1209 2446 1390 2512 transisset:
1410 2467 1477 2512 non
1501 2447 1621 2538 magis,
1637 2447 1779 2538 quamsi
1801 2446 1944 2521 creditor

377 2538 501 2628 pignus
514 2538 730 2618 distraxisset,
743 2557 813 2628 post
827 2550 965 2604 mortem
981 2535 1140 2604 debitoris
1152 2535 1207 2602 die
1222 2535 1395 2602 solutionis
1409 2535 1513 2602 linita.
1528 2537 1616 2626 Quia
1632 2555 1742 2603 tamen
1754 2537 1824 2604 Lex
1841 2535 1943 2604 Com-

378 2630 525 2694 missoria
541 2627 734 2719 displicebat
749 2627 797 2711 ei,
813 2627 1067 2720 pronuntiavit,
1085 2629 1123 2694 in
1140 2629 1311 2718 integrum
1326 2625 1582 2694 restituendam.
1608 2627 1710 2694 lllovit
1731 2628 1830 2693 etiam
1855 2627 1943 2694 illud

377 2717 635 2821 Imperatorem,
651 2719 741 2811 quod
758 2721 883 2812 priores
899 2731 1038 2798 tutores,
1051 2717 1113 2810 qui
1130 2739 1197 2782 non
1214 2717 1343 2784 restitui
1357 2713 1612 2802 desiderassent,
1628 2717 1767 2808 suspecti
1792 2739 1943 2808 pronun·

378 2813 454 2878 crati
470 2821 574 2875 erant.
1323 2839 1333 2854 -

996 3014 1242 3086 CAPUT
1288 3015 1317 3082 l.

741 3227 934 3294 Continens
956 3223 1148 3316 generalem
1174 3221 1281 3314 Legis
1303 3219 1579 3314 explicationem.

1873 3389 1881 3417 l

553 3435 576 3486 S
597 3433 624 3486 U
639 3431 676 3484 r!
688 3431 725 3482 M
740 3432 769 3482 A
787 3433 813 3483 It
833 3435 893 3484 [A
1182 3426 1240 3495 pius
1254 3444 1425 3482 arcessamus.
1435 3425 1591 3496 Fragmenta
1604 3428 1669 3496 eius,
1682 3429 1710 3480 in
1720 3427 1820 3500 Corpus
1833 3439 1953 3486 nostrum

370 3573 375 3582 ¹
560 3573 567 3586 Ι
1181 3511 1382 3564 iustinianeum
1404 3513 1501 3574 reluta,
1522 3511 1704 3564 testimonium
1723 3512 1851 3582 praebent
1871 3516 1954 3578 majus

373 3575 483 3628 ‘41‘0‘0'
499 3577 580 3668 {²8¹⁸
598 3583 638 3626 ‘5²
656 3571 772 3666 paulus·
792 3588 818 3620 '¹'
835 3579 857 3620 ¹·
1182 3593 1346 3662 exceptione.
1360 3593 1468 3645 Etenim
1483 3609 1536 3642 non
1550 3589 1725 3644 subtilissime
1738 3603 1838 3644 tantum
1852 3593 1953 3646 decidit

365 3658 476 3713 Flmli
492 3656 535 3709 '⁸²⁰
552 3655 602 3710 5¹⁴⁶
620 3657 768 3708 A'120m'10
791 3655 859 3722 'ml'-
878 3671 906 3705 ⁶·
927 3665 951 3704 ²·
1179 3676 1283 3738 omnia,
1300 3675 1345 3729 sed
1359 3675 1428 3727 baud
1441 3689 1500 3726 raro
1513 3673 1724 3742 elegantissimas
1736 3693 1796 3727 suae
1809 3675 1952 3730 decisionis

366 3743 465 3798 Edidit
485 3757 508 3796 ὃ·
529 3741 635 3793 Demi·
655 3739 747 3792 limi·
765 3757 793 3790 ⁸·
816 3749 838 3788 ³·
1180 3757 1316 3812 subnectit
1328 3759 1452 3813 rationes.
1465 3759 1491 3811 d.
1507 3759 1538 3810 L.
1553 3757 1690 3812 AEmilius.
1704 3761 1736 3812 h.
1750 3761 1903 3814 Neseuaiur
1917 3773 1948 3813 ss

368 3831 444 3897 Quae
461 3823 534 3878 alias
550 3823 706 3892 imperiales
723 3823 875 3878 sententiae
892 3823 1026 3877 dicuutur.
1046 3843 1073 3878 rr.
1096 3835 1119 3876 t.
1171 3837 1213 3909 ff,
1226 3843 1259 3898 d,
1271 3845 1366 3913 Nepos,
1379 3853 1443 3914 8²⁸²·
1459 3843 1490 3894 L.
1509 3853 1548 3894 ts.
1566 3838 1589 3914 5.
1608 3839 1677 3910 zff.
1690 3845 1722 3896 de
1736 3847 1843 3914 neceps-
1856 3847 1950 3899 arbitr.

364 3917 477 3965 summa
496 3909 521 3960 d·
542 3909 572 3960 l·
592 3909 730 3962 AEmitius.
749 3929 778 3961 n.
799 3923 822 3962 ⁵·
1178 3926 1196 3976 1.
1219 3937 1260 3978 sa.
1281 3923 1304 3999 5.
1320 3925 1388 3996 eff.
1402 3927 1460 3981 eod.
1475 3929 1506 3980 L.
1528 3935 1570 3978 rs.
1585 3921 1608 3998 5.
1625 3923 1698 3995 effi
1713 3927 1747 3979 de
1759 3927 1845 3998 judic.
1865 3931 1882 3981 1.
1905 3943 1948 3982 ar.

363 3995 495 4064 Eiusdem
513 4009 638 4090 fastis*
660 4011 683 4051 θ·
700 4076 705 4088 Ι
1169 4005 1211 4078 ff
1224 4011 1257 4064 ds
1273 4023 1342 4081 pact.
1358 4015 1390 4066 L.
1406 4026 1430 4064 s·
1438 4007 1480 4080 ff
1493 4029 1563 4082 qnae
1576 4027 1620 4063 res
1633 4010 1706 4080 dign·
1721 4014 1752 4065 L.
1768 4025 1809 4065 st.
1821 4032 1864 4084 pr.
1878 4025 1903 4068 et
1916 4019 1946 4068 h

362 4079 445 4133 Ratio
463 4077 600 4130 metuenda
619 4076 752 4131 Paulina·
772 4097 799 4130 n.
819 4091 843 4130 t.
1180 4105 1222 4147 ῃ,
1231 4092 1274 4164 ff
1293 4081 1329 4150 d}
1344 4099 1447 4152 Eam,
1468 4097 1500 4149 ι,
1521 4107 1563 4147 5³.
1574 4093 1615 4165 ff,
1633 4095 1665 4148 de
1687 4097 1800 4150 Admin,
1821 4109 1847 4150 ,ι
1862 4101 1947 4170 peric,

362 4162 446 4216 Ratio
466 4165 563 4229 Imper.
583 4161 732 4216 Antonini.
753 4183 779 4218 rt·
800 4179 823 4216 s.
1184 4181 1249 4232 m.
1264 4183 1295 4234 ι,
1305 4179 1363 4251 fin,
1372 4176 1413 4248 ff
1433 4178 1467 4235 ά,
1478 4180 1535 4250 jur,
1554 4179 1627 4232 Elec.
1641 4189 1668 4233 es
1686 4179 1754 4234 alibi
1767 4183 1885 4250 passim.

366 4249 471 4302 Com
490 4264 551 4300 ‘am
571 4248 658 4302 lumi
674 4248 789 4302 ΡΜῙΝ·
809 4269 837 4302 11·
858 4263 881 4302 ¹·
1214 4263 1317 4318 Flentit
1329 4283 1389 4318 rere
1399 4265 1493 4319 Paulus
1500 4263 1597 4318 Noster
1611 4262 1660 4318 sub
1667 4263 1805 4320 Antonino
1819 4268 1948 4338 Imp-,cui
1988 4279 2001 4320 2

360 4335 401 4388 Ei
418 4332 504 4386 “llam
519 4331 678 4404 ml’l’dll'i‘ii·
698 4350 725 4384 ¹¹·
747 4345 787 4386 ¹⁰·
1178 4359 1206 4404 et
1219 4355 1233 4402 t
1244 4351 1368 4404 consiliis
1378 4349 1439 4404 luit
1453 4350 1487 4402 Et
1498 4349 1541 4404 bic
1552 4366 1605 4402 non
1618 4357 1660 4402 eet
1672 4347 1718 4401 illc
1732 4350 1891 4416 Antoninus,
1899 4353 1946 4422 qni

363 4421 441 4484 Quae
459 4417 584 4487 displicet
602 4419 698 4488 imper.
718 4435 746 4470 n·
768 4427 808 4469 tt·
1178 4449 1207 4486 ts
1231 4426 1265 4490 st}
1285 4437 1376 4502 siries
1396 4437 1474 4506 seipsa
1492 4442 1565 4486 10011
1589 4433 1618 4485 111
1638 4433 1670 4485 l·
1689 4432 1793 4504 'illm
1811 4446 1836 4486 ⁹·
1851 4433 1892 4504 ff·
1911 4439 1950 4490 ‘Ml

361 4507 411 4557 Au
431 4507 448 4555 ὰ
468 4506 601 4560 Praasore
616 4503 724 4576 pupilla
743 4504 772 4556 iu
791 4505 823 4558 1.
845 4505 995 4562 AEmilius
1007 4505 1125 4576 appella·
1178 4519 1209 4570 ι.
1223 4511 1312 4567 liltod.
1326 4510 1359 4566 de
1371 4513 1441 4584 joet.
1457 4512 1509 4564 Sed
1522 4513 1619 4567 Noster
1632 4515 1728 4570 Severo
1744 4513 1846 4586 Collega
1860 4521 1945 4590 lmpe·

394 4586 489 4642 verit?
506 4607 534 4642 a·
556 4599 595 4641 tt.
1176 4599 1213 4650 rii
1233 4600 1342 4668 Sceptra
1356 4596 1506 4652 moderatus
1521 4607 1575 4661 est,
1596 4597 1660 4652 binc
1678 4601 1809 4654 Divorum
1823 4601 1945 4656 Fratrum

359 4671 429 4722 Dies
446 4674 631 4729 committendi
646 4673 729 4747 quid!
748 4696 775 4728 n.
793 4687 832 4727 ts.
1177 4682 1285 4736 nomine
1299 4681 1412 4734 veniunt
1428 4681 1585 4752 saepissime
1609 4682 1632 4756 §-
1654 4696 1678 4736 t.
1697 4689 1721 4740 1.
1736 4687 1769 4739 de
1786 4704 1861 4757 susp.
1884 4689 1945 4738 Tur.

364 4754 502 4809 Correetio
521 4757 609 4811 Fabri
625 4759 792 4828 repudiatur·
812 4779 838 4810 n.
862 4769 901 4810 tt.
1174 4783 1215 4828 pr.
1236 4769 1259 4817 Ι.
1277 4764 1310 4818 de
1328 4763 1437 4818 haered.
1452 4763 1537 4816 instit.
1551 4767 1695 4840 Theophil.
1708 4766 1731 4840 5.
1747 4784 1770 4822 t.
1790 4775 1812 4826 1.
1835 4771 1865 4822 de
1885 4771 1945 4822 E.»-

1176 4867 1231 4902 cus.
1249 4847 1491 4920 ltleminitquoqne
1504 4851 1621 4920 ejusdem
1640 4853 1735 4906 Paulsts
1755 4853 1784 4905 in
1805 4857 1834 4904 1.
1856 4864 1898 4905 ³2.
1918 4851 1942 4922 5.

377 4949 417 5054 Α
1180 4927 1264 5000 lusti
1277 4933 1309 4987 ds
1322 4935 1431 5002 Recepi.
1440 4933 1557 5002 Collegae
1566 4935 1941 5009 bubuitPapinianum,quern

426 5021 562 5074 pressurus
592 5019 698 5064 nostrae
725 5010 791 5080 lepis
816 5010 1021 5074 enodationem,
1055 5011 1123 5065 harad
1175 5015 1311 5069 bominem
1325 5017 1422 5070 excelsi
1436 5017 1538 5086 ingenii
1559 5021 1674 5092 appellet
1687 5021 1752 5092 lmp·
1770 5015 1793 5089 5
1810 5031 1833 5070 t.
1851 5021 1939 5072 instit.

358 5091 474 5158 iniurius
487 5093 514 5142 in
523 5091 644 5146 llletbodl
657 5095 765 5149 videbor
778 5096 918 5156 rationem,
933 5096 956 5147 si
969 5095 1003 5148 de
1013 5097 1124 5151 Auctore
1176 5101 1209 5154 de
1222 5101 1277 5154 Fid
1297 5101 1404 5155 lraered.
1418 5111 1447 5154 ut
1462 5111 1489 5154 et
1501 5103 1632 5157 Messium
1649 5115 1677 5160 et
1689 5103 1884 5174 qubonirun,
1903 5107 1943 5158 ml

356 5175 510 5246 quicquum,
524 5193 573 5229 nec
592 5193 644 5230 non
663 5179 695 5232 de
709 5179 865 5251 iscriptione
878 5181 996 5248 ejusdem
1011 5183 1121 5251 preemi-
1174 5193 1248 5256 patet
1266 5205 1301 5238 ese
1319 5183 1464 5256 hfinff.
1478 5187 1511 5240 de
1520 5189 1654 5258 jurFisc.
1668 5193 1737 5258 Quot
1750 5203 1810 5242 sero
1825 5190 1941 5260 Scriptis

359 5275 425 5312 sero.
441 5259 538 5314 luctor
553 5260 688 5316 PAULUS
704 5275 755 5326 est,
765 5264 847 5317 JCtns
861 5281 906 5316 suo
921 5273 1040 5334 tempore
1054 5265 1122 5318 lraud
1175 5269 1413 5340 voluminibusque
1426 5271 1667 5342 lurisprudentiaut
1682 5271 1858 5326 illustraverit
1873 5273 1941 5323 Pan-

357 5340 446 5397 infimi
459 5346 587 5397 subsellii.
598 5343 660 5413 Ejus
674 5347 745 5400 enirn
760 5366 826 5418 qnae
839 5347 919 5400 luerit
934 5349 961 5399 iu
974 5350 1039 5401 lure
1051 5352 1120 5421 peri·
1174 5355 1225 5418 lus,
1238 5355 1345 5426 longam
1360 5354 1428 5408 toret
1440 5371 1584 5410 recensere.
1600 5355 1715 5410 Plurima
1728 5355 1880 5407 circumdem
1901 5355 1942 5416 lu·

359 5429 409 5494 tin,
423 5447 488 5500 qum
501 5429 648 5495 subtilitas,
662 5449 715 5486 non
733 5450 798 5503 opus
816 5443 873 5498 est,
892 5444 920 5486 ut
937 5433 1045 5486 aliunde
1064 5436 1120 5488 lon·
1174 5439 1240 5504 isse,
1253 5457 1333 5511 eaque
1351 5441 1384 5494 de
1398 5441 1577 5514 peculiaribus
1597 5439 1726 5503 materiis,
1746 5441 1942 5512 Inscriptiuues
