4456 6332
285 509 338 566 pas

247 593 282 648 ad
295 591 439 666 septimam
455 602 539 658 nsque
557 579 772 654 generatienem,
784 588 813 635 et
822 598 958 652 quousque
972 599 1018 652 pa·

246 678 356 732 4444414-
368 671 490 742 cognosci
509 676 613 740 potsst;
634 666 793 720 recentiores
811 681 872 720 rero
890 663 1018 736 4414444-

243 771 304 817 tm
324 759 435 830 gradum
462 773 509 810 seu
534 752 734 826 generationem
759 750 893 804 inclusive
910 749 1017 822 nuptias

245 843 450 900 interdixerint.
473 839 550 892 Conf.
569 856 633 892 cun.
656 848 696 889 44.
716 844 742 889 44
760 853 815 906 seq.
833 855 858 906 q.
879 848 904 889 4.
924 836 954 890 C·
975 845 1017 886 44.

245 949 269 988 4.
283 943 315 984 4.,
327 931 362 983 Χ.
382 929 415 982 de
432 941 565 994 consang·
581 921 634 975 Sed
646 931 673 976 et
686 919 767 974 hodie
779 917 1015 974 constitutionibus

245 1011 442 1069 Eectesiaatieis
455 1008 553 1062 4444444
566 1015 643 1072 sunt,
658 1005 817 1060 4444114144.
837 1006 875 1060 nd
891 1001 1015 1058 Wesend.

245 1098 295 1152 n's..
307 1099 333 1153 d
351 1101 385 1153 44.
404 1105 479 1164 nupt:
498 1112 534 1146 44..
547 1100 571 1144 4.
598 1089 746 1144 1144144444
769 1107 855 1162 poena
873 1097 1015 1160 perpetuae

247 1181 419 1254 relegationis
440 1179 552 1254 obtinet·
572 1177 666 1248 Carpe.
689 1184 714 1228 4.
740 1185 829 1229 const.
853 1184 896 1228 44.
916 1171 971 1242 44Ῑί
991 1185 1016 1226 4.

176 1275 208 1320 tt
246 1266 285 1320 dc
305 1264 416 1320 nonnisi
439 1280 474 1316 ex
490 1259 692 1331 dispensatione
706 1259 841 1330 Principis
856 1258 1014 1311 tolerantur:

244 1347 343 1402 slicssbi
362 1357 454 1400 tamen
469 1354 496 1397 et
522 1344 582 1397 sine
606 1340 806 1412 dispensatione
829 1338 1015 1410 tinguitur.

243 1433 392 1487 Brunnem.
411 1430 440 1484 in
460 1429 478 1483 1.
502 1441 542 1483 4-4.
564 1429 594 1482 C.
613 1429 647 1482 de
667 1436 742 1497 nupt.

185 1529 215 1572 44
289 1513 477 1588 Compririgni
500 1512 609 1576 itidem,
627 1499 687 1564 cnm
713 1511 781 1565 inter
799 1508 849 1564 bos
868 1509 939 1563 444114
955 1503 1016 1560 affi-

252 1603 327 1658 nitas
353 1603 405 1668 sit,
428 1614 477 1652 nec
499 1597 589 1663 cirili,
613 1614 663 1650 nec
687 1594 903 1658 canonico,.nec
925 1593 1016 1648 divino

246 1691 335 1753 iure,
353 1688 392 1739 441
412 1685 492 1738 etism
509 1680 727 1736 ordinationibus
745 1678 938 1734 Ecclesiasticis
956 1697 1016 1731 con-

247 1773 324 1842 jungi
345 1770 539 1844 prohihentur,
559 1775 581 1832 4.
602 1777 625 1818 4.
647 1766 678 1817 J.
697 1765 731 1818 de
749 1774 826 1833 nupt.
848 1764 866 1815 1.
887 1772 929 1816 44.
948 1769 970 1824 ς.
990 1772 1014 1812 4.

248 1857 310 1913 end.
327 1873 350 1910 c.
366 1867 391 1908 4.
404 1851 429 1924 5.
446 1853 480 1906 de
497 1869 629 1921 consang.
643 1861 669 1905 44
681 1845 765 1922 nsfim
778 1844 938 1918 carpnjrsd.
950 1863 1016 1899 corr·

180 1953 213 1995 44
238 1942 312 2010 ¹n'sr.
333 1950 359 1994 4.
374 1938 432 2008 defi
446 1939 568 1994 444144.
583 1938 670 1992 struv-
681 1938 740 1988 Ea.
755 1945 797 1988 44.
810 1935 848 1986 44.
864 1943 906 1984 44.
922 1932 1017 2000 Quoad

246 2027 290 2096 ins
309 2023 585 2090 diuinum,‚ncnnnlii
602 2022 711 2092 quidem
731 2036 764 2074 ex
785 2019 844 2071 DD.
870 2016 1016 2070 dissentire

238 2108 384 2184 ridentur,
412 2108 500 2172 44144,
517 2117 546 2160 ut
563 2107 781 2160 constitutionem
803 2102 872 2157 hene
894 2105 946 2172 jur.
966 2101 1017 2155 cir.

245 2201 382 2263 tamqnam
408 2191 570 2246 contrariam
595 2190 658 2261 beri
682 2187 817 2243 Moesicae
842 2191 902 2242 Len
933 2201 974 2240 44.
993 2205 1017 2240 4.

251 2287 293 2330 44.
311 2277 388 2331 inter¹
401 2295 495 2333 naeres
515 2278 588 2332 iilius
605 2277 675 2348 juris
693 2275 816 2330 retulerit
831 2274 927 2328 buton.
945 2275 1016 2328 4144-

183 2369 217 2429 44
258 2361 339 2416 414444.
359 2360 411 2416 Sed
422 2363 486 2416 huic
495 2360 595 2416 dudum
608 2361 691 2416 444444
703 2357 975 2430 interpretationibus
984 2367 1015 2412 *et

244 2445 456 2516 expositionibus
469 2447 587 2502 virorum
601 2446 823 2500 Doctissimorum
837 2443 1013 2509 satisfactum,

249 2529 304 2584 rid.
324 2532 381 2586 1444
399 2533 562 2586 11444444.
581 2533 661 2602 nfieg.
678 2541 732 2587 444.

179 2624 209 2668 44
284 2613 327 2667 Ex
344 2611 476 2669 affinitate
494 2614 588 2670 fratres
605 2624 634 2668 et
651 2631 757 2668 sorores
769 2612 877 2665 densum
895 2611 964 2684 quod
976 2622 1016 2666 st·

251 2695 336 2763 tinet,
359 2697 562 2751 matrimonium
580 2699 654 2752 inter
670 2697 719 2750 bos
737 2699 797 2766 jure
812 2697 923 2768 quidem
940 2695 1015 2749 cirili

244 2780 408 2852 digestorum
430 2783 599 2854 prohibitum
617 2799 673 2836 nnn
698 2783 804 2836 ridetur
828 2799 886 2850 arg.
909 2783 928 2834 f.
949 2793 973 2834 4.
992 2790 1013 2844 ς.

248 2864 569 2938 44441414344444.
586 2871 731 2924 4414444.
749 2869 783 2922 de
802 2864 970 2936 nuptsconfi
981 2869 1014 2918 L.

173 2959 206 3004 44
253 2961 293 3004 44.
307 2954 337 3008 C.
349 2953 383 3008 de
396 2965 472 3024 reims.
487 2954 540 3006 Dn.
555 2954 642 3008 Strur.
656 2952 683 3004 d.
697 2953 754 3006 Ero.
768 2952 807 3004 414.
828 2959 870 3004 44.
886 2948 934 3003 bat
952 2967 1014 3002 con-

244 3034 657 3109 stitutionibus·1mperstoriis,
677 3044 769 3107 postes
794 3031 1015 3088 144444441444444

243 3135 356 3174 uxorem
383 3120 519 3190 ducendi,
546 3123 589 3175 441
607 3120 707 3175 duabus
726 3119 862 3173 sororibus
887 3117 1014 3190 iungendi

242 3203 350 3276 penitus
376 3206 506 3260 submota.
531 3209 563 3261 l.
591 3215 616 3257 4.
642 3215 669 3258 44
692 3216 716 3257 4.
734 3205 767 3261 C.
785 3206 818 3260 de
837 3203 922 3256 incest
940 3213 1013 3274 44444.

174 3299 207 3342 re
251 3287 372 3344 (14444444
393 3290 523 3345 4444414444·
540 3291 588 3344 1444
607 3290 715 3362 nuptias
733 3287 897 3360 improbant:
911 3286 1015 3341 4441444

243 3371 354 3443 quidem
373 3391 405 3426 en
423 3375 482 3444 jure
500 3373 583 3428 etiam
602 3370 631 3425 in
651 3372 729 3426 tertio
738 3367 884 3424 affinitatis
903 3386 1012 3441 genere,

241 3457 426 3512 4444444444.
438 3459 567 3530 gradum,
586 3477 639 3532 qno
657 3459 730 3512 inter
747 3455 956 3527 consanguineos
973 3455 1013 3508 in·

243 3541 369 3597 terdictse
389 3553 464 3598 erant
483 3543 594 3616 nuptiae
611 3539 754 3608 affinium,
773 3544 841 3597 Con.
857 3552 880 3593 4.
895 3552 920 3593 4.
937 3550 976 3592 44.
990 3558 1015 3610 q.

244 3627 367 3681 s..Cous.
388 3641 440 3682 44..
462 3627 629 3682 Can..a..et
648 3628 697 3682 414.
725 3627 784 3680 ead.
809 3624 862 3680 Sed
887 3623 951 3678 huic
968 3640 1017 3694 per

822 479 877 536 44·
887 481 1033 538 sturnis
1050 479 1246 560 4444444444.

1709 509 1764 567 psa

1069 582 1299 636 constitutionem·
1310 582 1452 640 innoeent:
1465 584 1515 640 111.
1526 583 1555 642 in
1565 601 1632 660 4444.
1642 599 1668 643 4.
1682 591 1716 645 Χ.
1727 593 1760 648 de
1773 609 1835 648 4444-
1867 646 1871 656 ,

1067 681 1147 738 song,
1165 677 1190 719 et
1209 663 1294 738 usfiu.
1307 667 1435 740 tsntisper
1454 668 1609 740 derogatum
1620 682 1647 726 et
1662 676 1833 730 constitutum

1068 762 1124 816 est;
1143 761 1173 806 ut
1190 753 1334 806 secundum
1353 765 1379 808 et
1398 757 1508 810 tertium
1521 775 1603 827 penus
1620 756 1764 814 affinitatis
1782 763 1834 816 im·

1069 837 1222 908 pedimento
1239 836 1343 908 nuptiis
1362 840 1478 908 auspiius
1498 857 1552 896 non
1572 844 1642 896 sint:
1656 847 1836 902 cosnmunites·
1873 855 1915 898 44

1065 933 1151 978 samen
1172 923 1224 975 hoc
1241 941 1256 975 4
1276 923 1336 974 nt).
1354 921 1545 978 limiteticnem
1556 927 1652 999 recipit
1664 928 1834 1002 in-iiiispes·

1067 1010 1158 1074 sonis,
1178 1025 1243 1078 quae
1261 1023 1309 1078 per
1326 1006 1581 1079 interpretationem
1599 1013 1670 1081 juris
1688 1023 1833 1083 parentum

1050 1145 1053 1154 ,
1067 1103 1094 1148 44
1111 1093 1260 1146 liberorum
1278 1094 1334 1144 loeo
1353 1091 1495 1157 habentur,
1507 1095 1643 1148 Wesenb·
1657 1095 1685 1149 in
1696 1107 1788 1167 parnt.
1802 1099 1836 1154 414

1067 1177 1121 1234 1444.
1136 1179 1217 1246 Nupr.
1243 1177 1333 1248 ibique
1352 1178 1405 1230 114.
1425 1176 1516 1230 414144.
1536 1197 1563 1232 44.
1585 1190 1609 1233 4.
1626 1181 1729 1252 poterit
1747 1183 1835 1254 itaque
1872 1194 1917 1237 44’

1066 1261 1127 1332 quis
1145 1259 1285 1316 deiunctae
1306 1277 1367 1316 snae
1393 1262 1499 1330 uxoris,
1517 1261 1613 1319 fratris
1632 1265 1772 1333 relictam,
1791 1269 1834 1322 441

1067 1347 1167 1402 sororis
1185 1363 1247 1400 snae
1264 1345 1352 1409 ridui,
1372 1346 1467 1400 itidem
1486 1347 1577 1403 denati
1595 1349 1701 1405 riduam
1721 1351 1749 1404 in
1767 1368 1834 1406 nso·

1067 1447 1123 1483 rem
1143 1429 1239 1484 ducere
1257 1430 1310 1484 114.
1330 1431 1430 1503 Philip.
1443 1449 1486 1488 us·
1495 1443 1582 1503 praet.
1598 1433 1734 1505 tAEciog.
1747 1445 1789 1488 44.
1805 1453 1847 1490 44.Ι

1068 1527 1092 1568 4.
1113 1514 1247 1586 sibique
1266 1517 1370 1586 allegat
1386 1519 1434 1588 qui
1460 1519 1598 1574 tamen-sd
1617 1521 1739 1575 evitanda
1757 1537 1835 1574 scan-

1066 1597 1141 1662 dala,
1151 1599 1352 1668 magistratum,
1362 1601 1697 1668 ejusmodimatrimouia,
1705 1603 1833 1658 readtme

1066 1685 1171 1754 integra
1190 1686 1342 1741 dissuadere
1370 1688 1467 1743 debere
1486 1690 1629 1744 4444441444
1648 1697 1748 1741 mosset.
1768 1687 1830 1740 Sin·
1866 1695 1911 1740 44·

1067 1771 1154 1839 putari
1177 1789 1239 1826 rero
1260 1774 1319 1840 jure
1341 1792 1397 1826 can.
1424 1773 1702 1828 eorscediturnoriter
1725 1787 1834 1826 conser-

1068 1857 1119 1920 sis,
1139 1867 1248 1928 propter
1272 1853 1456 1912 infirmitatem
1480 1875 1587 1921 eorum,
1607 1867 1637 1910 ut
1655 1854 1835 1910 matrimoniis

1066 1956 1126 1996 cum
1147 1941 1234 1996 viduis
1254 1941 1367 1994 fratrum
1382 1941 1441 1996 4444
1460 1944 1535 2012 prole
1554 1941 1786 2004 descendentium,
1800 1938 1835 1990 sd

1068 2025 1248 2080 suscitandum
1268 2024 1388 2078 defuncti
1406 2042 1512 2091 semen,
1539 2025 1701 2092 contradis,
1719 2031 1840 2078 uranus:

1067 2110 1138 2178 Cap.
1145 2109 1204 2182 fin.
1218 2111 1254 2162 Χ.
1269 2110 1304 2163 414
1315 2109 1413 2164 divort.

1105 2193 1137 2245 id
1154 2195 1225 2264 qnod
1243 2194 1346 2248 dictum
1365 2191 1401 2248 de
1416 2209 1500 2248 uxore
1518 2190 1665 2246 tenendum
1678 2207 1782 2262 qssoqne
1801 2188 1834 2244 414
1871 2195 1917 2242 44’

1067 2293 1163 2348 sponsa
1182 2275 1288 2341 fratris,
1299 2276 1458 2351 praesertim
1475 2293 1520 2340 es,
1533 2292 1612 2346 quam
1631 2273 1834 2330 Canonisneds

1065 2360 1201 2434 praesenti
1219 2363 1326 2428 dieunt,
1344 2380 1403 2432 cup.
1422 2360 1461 2414 nd
1472 2359 1644 2415 audendum
1658 2359 1693 2412 Χ.
1704 2359 1737 2412 de
1748 2373 1832 2428 spon·

1065 2445 1117 2499 441.
1136 2444 1299 2516 Curps.1'ur.
1318 2443 1429 2498 4444444.
1448 2441 1508 2512 ω’,
1527 2453 1585 2497 444.
1604 2444 1694 2498 84444.
1714 2441 1740 2494 d.
1759 2441 1780 2494 1.
1793 2443 1832 2494 41.

1067 2540 1091 2583 4.
1109 2531 1184 2586 Licet
1199 2531 1274 2584 enim
1294 2529 1492 2602 per-sponsabis
1504 2529 1573 2590 44414,
1585 2543 1642 2579 non
1657 2527 1831 2580 contrabatur
1870 2533 1916 2584 44·

1066 2615 1178 2688 perfecta
1194 2611 1314 2670 affinitas
1331 2611 1355 2686 5.
1375 2625 1399 2668 4.
1416 2615 1445 2666 J·
1464 2616 1586 2684 dennpt.
1606 2610 1683 2667 Cnnf.
1695 2612 1714 2664 1.
1738 2620 1779 2662 44.
1805 2605 1829 2680 5.

1068 2711 1091 2753 4.
1109 2700 1207 2772 infin.
1226 2698 1332 2755 4141144.
1351 2699 1432 2768 Num.
1451 2698 1511 2752 est.
1531 2708 1556 2750 4.
1575 2693 1832 2763 §.ademari-in·

1065 2785 1156 2837 cboats
1175 2795 1261 2838 tamen
1275 2792 1303 2837 et
1314 2791 1450 2836 eontracta
1463 2789 1504 2835 est
1517 2780 1623 2852 publica
1640 2779 1761 2832 honestas
1775 2778 1844 2830 1144.-

1068 2867 1188 2939 Philipp.
1206 2870 1233 2922 d.
1250 2868 1269 2920 1.
1289 2866 1351 2921 Eri.
1372 2878 1460 2920 esan.
1475 2877 1499 2919 r.
1512 2881 1579 2936 qnae
1590 2863 1708 2918 maxime
1719 2862 1750 2916 in
1765 2880 1836 2936 nup-

1065 2952 1113 3005 tiis
1132 2951 1288 3023 spectanda,
1306 2952 1339 3005 l.
1357 2966 1467 3019 semper
1489 2960 1548 3002 444.
1556 2947 1601 3019 ff.
1626 2947 1746 3018 datreg.
1767 2946 1844 2998 Jaa

1068 3035 1272 3106 Dispensationi
1290 3045 1377 3092 tamen
1390 3034 1527 3106 Principis
1538 3032 1694 3105 quandoque
1704 3030 1751 3086 bic
1761 3033 1832 3084 locos
1870 3039 1910 3084 44

1066 3121 1131 3175 4444.
1148 3135 1207 3172 cum
1225 3123 1292 3175 fure
1305 3121 1408 3176 Dirino
1418 3118 1620 3176 matrimonium
1632 3117 1683 3171 boe
1696 3135 1758 3172 casu
1771 3134 1835 3189 pro-

1066 3203 1185 3259 iis’biturn
1210 3221 1265 3258 non
1290 3205 1424 3272 rideatur3
1443 3215 1513 3260 eante
1530 3214 1619 3258 tamen
1640 3203 1671 3255 in
1689 3219 1719 3256 es
1737 3217 1833 3274 proee-

1067 3289 1185 3343 dendum
1203 3307 1276 3357 esse,
1289 3300 1317 3344 et
1335 3307 1432 3361 sponso
1449 3289 1552 3360 petenti
1565 3305 1684 3343 sororem
1703 3303 1830 3360 sponsae,

1065 3375 1243 3442 juramentum
1266 3373 1440 3444 purgationis,
1466 3373 1505 3426 sic
1530 3381 1633 3426 4444444
1655 3372 1731 3443 paria
1758 3373 1830 3438 sint,

1065 3459 1165 3513 deferri
1183 3478 1259 3533 posse
1278 3463 1363 3514 tradit
1378 3461 1492 3532 Magnif.
1512 3459 1565 3514 lin.
1586 3459 1735 3514 Brunnem.
1756 3459 1794 3514 ed
1809 3459 1844 3510 1..

1069 3558 1093 3599 4.
1104 3555 1144 3600 et·
1156 3557 1180 3600 4.
1204 3545 1233 3600 C.
1252 3545 1287 3600 de
1304 3545 1397 3600 incest.
1417 3555 1496 3620 nupt.
1895 3531 1899 3540 ¹

862 3822 1111 3896 CmPUT
1156 3827 1219 3898 Iift

862 4015 920 4085 De
934 4017 1045 4088 444414
1055 4019 1222 4102 fratrum:

424 4224 780 4282 snutr‘ArsrA:

246 4393 344 4451 4444.
362 4393 570 4452 :arimenum
588 4375 860 4468 amterminum
877 4391 1014 4464 44444...-

277 4499 305 4532 44.
328 4492 349 4534 1.

241 4565 293 4620 Aa
306 4583 390 4635 qnam
399 4573 503 4636 44444444
514 4565 599 4622 4444414
606 4563 738 4636 fratrum
748 4561 1009 4642 vemamipmorum?

279 4667 309 4700 44.
328 4658 352 4698 4.

243 4730 328 4786 nario
345 4728 733 4801 sidesundomentums'rtius·
746 4737 855 4792 44444144.
874 4757 903 4792 rs.
923 4751 947 4794 4.

244 4816 369 4884 Quande
385 4815 473 4872 fnium
492 4818 640 4875 induerit?
657 4839 686 4874 n.
697 4833 730 4875 ·t.

241 4901 290 4951 An
309 4897 393 4954 etium
410 4901 503 4957 4141444
520 4902 925 4977 44444444444444444444444444
940 4925 968 4960 n.
990 4917 1014 4958 4.

240 4981 393 5039 Ameriam
412 4985 565 5058 adoptivo?
582 5005 610 5042 ss.
632 5002 655 5043 4.

244 5065 321 5134 Ouid
333 5066 409 5122 444444
426 5066 498 5123 dunc
515 5068 545 5123 444
565 5071 661 5128 Fando
680 5073 918 5132 obtineretur.

245 5147 334 5219 Quid,
364 5150 497 5222 sistam
511 5153 618 5225 44444444
649 5160 855 5216 renuntiarem
886 5159 1009 5219 4444441

276 5249 349 5290 44.-4.

1045 4228 1107 4282 Aa
1127 4237 1208 4283 sarar
1217 4227 1354 4301 legitimus
1364 4230 1443 4286 44444
1456 4228 1662 4286 tenementum
1677 4227 1706 4283 44
1719 4238 1826 4283 unam.

1044 4371 1051 4384 „
1095 4313 1237 4387 Principis
1254 4313 1347 4370 dato?
1364 4333 1392 4368 rs·
1414 4328 1456 4370 44.

1062 4431 1205 4543 Tantum
1222 4485 1255 4540 de
1273 4485 1392 4558 nuptiis,
1404 4483 1570 4542 brevissimis
1584 4485 1614 4538 in
1626 4485 1675 4550 bae
1687 4481 1724 4538 tb'.
1733 4480 1768 4536 de
1780 4490 1822 4534 tu·
1860 4491 1886 4534 t·'

1061 4575 1122 4628 telis
1143 4571 1290 4642 agendumr
1310 4571 1464 4642 etquidem
1481 4569 1597 4643 pupillis
1615 4566 1716 4638 quibus
1736 4563 1765 4617 in
1784 4575 1823 4618 te-

1060 4664 1192 4712 stamento
1211 4655 1346 4710 tutoribus
1363 4672 1417 4710 non
1435 4655 1572 4728 prouisum
1591 4665 1641 4717 est,
1660 4651 1831 4722 1444444444-

1060 4743 1166 4806 videre,
1185 4752 1316 4797 eteuram
1334 4757 1426 4794 eorum
1445 4739 1543 4796 bebere
1554 4738 1608 4804 its,
1625 4745 1657 4792 ut
1674 4732 1827 4788 deferuttu-

1058 4829 1137 4882 441444
1154 4843 1188 4882 ex
1205 4823 1311 4879 ratione
1331 4824 1504 4881 successionis
1529 4822 1664 4895 proximis
1689 4819 1825 4890 cognatis,

1059 4919 1123 4966 noto
1139 4911 1230 4965 notius
1246 4920 1303 4964 est:
1323 4910 1406 4966 frater
1433 4913 1528 4982 itaqrre
1548 4925 1606 4963 non
1628 4903 1825 4976 emancipatus,
1864 4915 1878 4956 4

1059 4993 1167 5048 secund.
1186 5009 1311 5065 expressa
1329 4993 1476 5051 44414411..
1500 5003 1540 5047 44.
1563 4989 1632 5048 tabb.
1654 4999 1727 5046 tutor
1741 4987 1829 5044 fiebas

1058 5079 1195 5150 legitimus
1207 5076 1321 5135 fratrum
1334 5089 1362 5134 et
1375 5097 1495 5135 sororum
1506 5077 1676 5151 impuberum
1689 5092 1720 5130 ex
1734 5073 1829 5128 eodem

1058 5174 1135 5236 patre
1153 5172 1290 5231 natorum,
1309 5163 1438 5220 similiter
1456 5183 1511 5221 nen
1526 5161 1755 5234 emancipatornm
1766 5159 1786 5211 1.
1803 5169 1827 5212 4.

1048 5246 1090 5321 ff
1102 5249 1134 5303 de
1148 5248 1261 5321 1444444.
1275 5245 1300 5320 5.
1317 5262 1339 5304 4.
1353 5252 1422 5305 14444.
1439 5253 1475 5305 de
1492 5249 1542 5320 feg·
1557 5257 1652 5322 mut·
1666 5242 1828 5302 4441144444-
1865 5254 1878 5294 4

242 5321 272 5376 A
281 5319 409 5391 nsrnter
430 5335 517 5386 444444·
536 5338 568 5384 us
590 5339 731 5402 suspectus
753 5329 1009 5406 removeri-quent!
1056 5332 1202 5406 cipetomos
1214 5341 1302 5386 autern
1314 5335 1397 5388 tutela
1414 5333 1584 5389 deferebatur
1596 5329 1721 5386 fratribus
1734 5346 1767 5384 ea
1780 5347 1828 5384 nu

1058 5415 1128 5474 41444
1140 5412 1311 5474 sota-fiducia
1322 5419 1543 5492 sanguinis„sen
1550 5417 1707 5490 diligentiae
1719 5432 1749 5472 se
1762 5411 1841 5470 4444-
